2047 2513
880 65 1098 106 .—9-

158 165 285 209 ἡδονὰς
314 167 372 198 καὶ
400 165 508 202 λύπας
536 162 557 208 ἧ
583 162 688 208 ἠθικὴ
709 162 812 208 ἄρετή
836 169 1013 209 continetur,
1035 178 1114 208 quae
1134 170 1199 201 Nic.
1222 170 1264 209 11,
1289 170 1308 201 2
1330 178 1381 208 pg.
1406 169 1532 200 11041’9
1553 178 1618 208 sqq.
1647 169 1772 200 uberius
1794 172 1866 199 sunt

157 217 314 257 exposita,
346 216 485 247 declarat
510 216 562 256 (cf.
582 225 634 256 pg.
657 216 814 248 1172·2Ο.
841 216 882 247 25
907 219 938 246 et
966 217 1122 248 1104b34.
1148 217 1256 247 9-11.
1291 216 1485 247 1105·2—5.
1515 234 1556 239 —
1585 226 1637 256 pg.
1665 215 1812 246 1172·21
1835 220 1866 245 et

161 264 395 296 1104ὓ16-18.
417 282 456 286 -
476 273 528 304 pg.
552 264 698 295 1172·22
719 266 750 294 et
771 263 967 295 1105·6—7.
988 264 1115 296 12-13,
1138 263 1373 295 11041211-13,
1394 264 1431 295 21
1457 272 1522 302 sqq.
1544 263 1583 295 32
1604 263 1695 303 sqq.).
1736 262 1784 293 Ex
1803 271 1863 300 qno

159 311 288 343 efficitur
307 312 377 343 libri
398 311 508 342 decimi
528 311 686 343 exordium
705 311 829 342 uberius
850 320 920 342 esse
940 320 977 342 ac
997 311 1131 351 gravius,
1151 320 1250 349 neque
1270 311 1484 350 intellegimus,
1506 310 1657 350 quomodo
1680 309 1795 341 factum
1817 309 1866 348 sit,

159 362 192 390 ut
204 358 465 390 Schleiermacher
478 359 700 397 iniquissimum
711 358 750 389 de
761 367 798 389 eo
809 358 954 389 iudicium
965 359 1089 389 faceret.
1095 360 1115 397 ¹)
1137 359 1225 389 Certe
1235 358 1329 397 igitur
1341 358 1453 388 falsum
1464 362 1512 388 est
1523 358 1605 396 quod
1618 357 1777 388 Fritzsche
1792 356 1867 387 dicit

158 406 310 446 (prolegg.
338 416 390 446 pg.
416 407 524 446 XLIV,
554 406 607 446 54)
637 406 706 437 libri
738 406 860 445 septimi
880 409 1035 437 auctorem
1054 406 1156 437 verbis
1181 406 1245 436 suis
1265 405 1334 436 libri
1355 405 1465 436 decimi
1486 405 1643 436 exordium
1664 404 1866 443 interpretari.

157 452 247 489 Quod
271 463 332 484 non
360 454 472 484 rectius
493 453 532 484 de
554 453 750 492 sequentibus
771 452 964 484 contenditur
989 454 1067 493 (VII,
1090 455 1136 492 12,
1158 453 1286 484 1152118
1308 462 1372 491 sqq.
1394 453 1433 492 X,
1461 454 1488 492 1,
1514 453 1590 483 1172
1602 452 1662 484 *27
1684 452 1774 491 sqq.),
1802 452 1865 490 qui-

156 500 211 530 bus
233 500 435 540 philosophus
457 510 534 539 quas
555 501 609 531 alii
629 500 668 531 de
688 501 847 540 voluptate
868 501 1081 540 proposuerint
1101 500 1256 530 doctrinas
1285 503 1453 538 enumerat3
1485 502 1516 530 et
1537 499 1667 538 septimo
1687 498 1811 537 quidem
1831 499 1865 528 li-

156 546 210 577 bro
231 546 288 578 has
309 547 398 578 affert
419 548 600 578 sententias:

298 604 326 641 1)
348 598 418 635 τοῖς
435 599 503 640 μὲν
533 595 594 630 οὖν
624 596 720 630 δοκεῖ
748 595 891 640 οὐδεμία
921 595 1025 641 ἡδονὴ
1055 595 1142 630 εἶναι
1173 594 1330 639 α’γαθόν,
1362 595 1439 629 οὔτε
1465 595 1549 629 καθ’
1578 593 1660 628 αὖτὺ
1683 593 1759 628 οὔτε
1779 594 1866 627 κατὰ

344 652 571 695 συμβεβηκός.

296 714 327 750 2)
348 708 418 744 τοῖς
439 707 469 740 δ’
491 706 577 739 ἔνιαι
592 708 660 750 μὲν
681 704 779 747 εἶναι,
800 705 836 739 αἱ
857 706 892 739 δὲ
913 708 1038 740 πολλαὶ
1059 707 1199 749 φαῦλαι.

297 767 326 806 3)
348 760 395 794 ἔτι
417 761 453 794 δὲ
473 762 604 794 τούτων
624 765 752 807 τρίτον,
774 760 807 794 εἰ
822 764 880 794 καὶ
901 763 1005 795 πᾶσαι
1025 759 1183 805 ἀγαθόν,
1205 758 1301 804 ὅμως
1322 761 1373 804 μὴ
1400 759 1600 803 ἐνδέχεσθαι
1621 758 1708 794 εἶναι
1728 760 1767 792 τὸ
1788 758 1865 804 ἄρι-

347 826 427 850 στον
448 815 584 860 ἡδονήν.

158 869 278 900 decimo
299 872 402 900 autem
422 868 492 899 has:

346 925 374 963 1)
397 917 430 951 οἳ
447 920 515 961 μὲν
534 920 602 963 γὰρ
624 916 783 961 τάγαθὸν
804 916 929 962 ἡδονὴν
948 920 1106 962 λέγουσιν

342 980 373 1018 2)
396 972 430 1006 οἳ
450 972 480 1006 δ’
501 972 537 1013 ἐξ
558 971 711 1011 ἐναντίας
729 973 854 1017 κομιδῇ
876 974 1018 1015 φαῦλον.

294 1025 373 1056 Tum
394 1029 585 1064 argumenta,
612 1026 720 1064 quibus
746 1026 817 1056 illae
846 1026 1013 1056 sententiae
1038 1026 1185 1065 nitantur,
1213 1025 1396 1056 adiiciuntur
1422 1029 1453 1056 et
1478 1027 1662 1066 refutantur,
1690 1027 1734 1056 ita
1759 1030 1794 1056 ut
1813 1027 1866 1057 lib.

152 1073 209 1104 VH
228 1072 405 1103 refutationi
425 1081 480 1111 per
505 1075 600 1102 totam
620 1071 858 1111 disputationem
884 1073 922 1112 (c.
945 1073 1072 1111 13—15)
1094 1072 1257 1111 pertinenti
1283 1072 1380 1111 ipsius
1401 1073 1577 1104 Aristotelis
1598 1074 1713 1113 placita
1733 1073 1865 1112 interpo-

152 1123 269 1159 nantur,
290 1119 408 1149 decimo
429 1122 531 1149 autem
550 1119 627 1149 libro
641 1119 781 1149 refutatis
802 1128 827 1151 c.
847 1121 866 1151 2
888 1120 1015 1150 aliorum
1031 1120 1188 1150 sententiis
1210 1119 1414 1158 philosophus
1435 1130 1461 1152 c.
1482 1121 1562 1151 3—5
1576 1120 1649 1161 quid
1669 1121 1737 1162 ipse
1752 1120 1867 1151 sentiat

152 1167 317 1206 separatim
328 1169 469 1205 exponat.
490 1166 537 1195 Ex
548 1166 657 1204 quibus
668 1168 736 1203 utra
746 1166 853 1196 melior
867 1167 907 1196 sit
918 1176 954 1196 ac
965 1166 1127 1196 dilucidior
1139 1175 1239 1196 rerum
1251 1165 1414 1204 dispositio
1425 1170 1507 1197 certe
1519 1167 1652 1197 dubitari
1672 1177 1732 1198 non
1752 1171 1866 1206 potest.

292 1221 412 1252 Deinde
434 1229 512 1258 quae
532 1220 662 1259 legimus
676 1220 728 1251 lib.
750 1220 806 1251 VH
831 1230 857 1251 c.
880 1221 917 1251 13
941 1230 992 1260 pg.
1015 1221 1243 1252 11521229—33
1264 1213 1301 1247 αἳ
1323 1216 1452 1256 φαῦλαι
1473 1215 1635 1249 δοκοῦσαι
1650 1214 1738 1249 εἶναι
1752 1215 1788 1248 αἳ
1799 1218 1867 1259 μὲν

151 1270 267 1308 ἅπλῶς
288 1271 416 1312 φαῦλαι
436 1272 498 1302 τινὶ
512 1269 542 1302 δ’
557 1267 598 1302 οὓ
618 1267 692 1302 ἄλλ’
708 1268 838 1314 αἱρεταὶ
852 1269 951 1315 τῷδε,
972 1269 1057 1302 ἔνιαι
1071 1268 1181 1303 δὀὖδὲ
1197 1269 1283 1314 τῷδε
1304 1267 1394 1302 α’λλά
1408 1273 1486 1303 ποτὲ
1508 1273 1567 1303 καὶ
1579 1269 1707 1313 ὀλίγον
1722 1272 1865 1316 χρόνον,

152 1325 282 1371 αἱρεταὶ
303 1325 332 1357 δ’
355 1323 413 1357 οὔ·
435 1323 471 1356 αἶ
493 1323 519 1356 δ’
543 1321 614 1356 οὐδ’
636 1322 772 1366 ἡδοναί,
804 1322 893 1356 α’λλά
916 1328 1110 1365 φαίνονται,
1142 1322 1220 1356 ὅσαι
1242 1325 1331 1366 μετὰ
1356 1325 1462 1367 λύπης
1485 1328 1543 1357 καὶ
1569 1323 1717 1369 ἰατρείας
1742 1324 1865 1365 ἕνεκεν,

152 1378 229 1414 οἷον
249 1378 285 1412 αῖ
306 1380 374 1412 τῶν
399 1379 602 1421 καμνόντων
633 1384 773 1423 exemplo
794 1384 914 1414 adiecto
936 1383 1094 1414 Fritzsche
1116 1383 1189 1414 dicit
1209 1384 1402 1423 interpretari
1417 1393 1455 1415 ea
1475 1394 1554 1423 quae
1573 1385 1705 1424 legimus
1715 1385 1735 1416 l.
1748 1385 1824 1417 Kc.
1836 1386 1865 1423 2,

152 1450 203 1480 pg.
245 1440 322 1470 1173
344 1441 358 1459 ¹³
377 1439 495 1470 20-25
530 1434 615 1478 πρὸς
641 1433 676 1466 δὲ
704 1434 782 1470 τοὺς
805 1438 1040 1478 προφέροντας
1065 1435 1124 1470 τὰς
1149 1432 1392 1471 ἕπονειδίστους
1416 1435 1484 1466 τῶν
1514 1432 1650 1477 ἡδονῶν
1683 1435 1782 1477 λέγοι
1815 1447 1863 1472 τις

151 1488 194 1523 ἂν
226 1486 277 1522 ὅτι
310 1487 371 1522 οὐκ
403 1488 471 1521 ἔστι
503 1488 603 1521 ταῦθ’
637 1485 737 1531 ἡδέα·
771 1485 813 1521 ού
844 1489 912 1533 γὰρ
946 1486 979 1520 εἰ
1004 1489 1075 1525 τοῖς
1106 1489 1219 1525 κακῶς
1245 1487 1468 1529 διακειμένοις
1494 1486 1577 1532 ἡδέα
1597 1487 1698 1530 ἐστὶν,
1729 1487 1865 1532 οἰητέον

152 1543 236 1579 αὐτὰ
256 1546 313 1577 καὶ
333 1542 417 1587 ἡδέα
438 1540 524 1576 εἶναι
545 1541 678 1584 ἅπλῶς,
708 1544 796 1587 πλὴν
820 1544 967 1584 τούτοις,
992 1542 1154 1588 καθάπερ
1180 1540 1259 1576 οῦδὲ
1287 1544 1328 1576 τὰ
1353 1544 1423 1581 τοῖς
1447 1544 1635 1586 κάμνουσιν
1661 1542 1809 1586 ὖγιεινὰ,
1841 1542 1862 1588 ἢ

149 1601 288 1642 γλυκέα,
308 1597 329 1642 ἢ
349 1600 451 1643 πικρά
466 1609 475 1618 ·
497 1596 569 1631 οὐδ’
592 1596 635 1631 αὖ
655 1599 758 1630 λευκὰ
778 1599 820 1630 τὰ
841 1599 1033 1640 φαινόμενα
1052 1599 1124 1634 τοῖς
1143 1595 1401 1640 ὄφθαλμιῶσιν.
1428 1617 1475 1622 -
1501 1604 1541 1634 At
1565 1604 1652 1635 vides
1667 1604 1726 1635 hoc,
1740 1613 1862 1642 quoque

150 1652 218 1682 loco
238 1654 381 1689 aegrotos
402 1650 630 1680 commemorari
637 1673 645 1688 ‚
678 1649 821 1688 exempla
841 1653 943 1680 autem
970 1650 1064 1680 multo
1085 1649 1227 1680 uberiora
1247 1650 1389 1689 proponi,

285 1696 405 1728 Deinde
416 1705 485 1727 eam
498 1697 687 1735 sententiam,
700 1705 791 1735 quam
801 1696 859 1727 VII
869 1706 895 1728 e.
909 1697 946 1727 13
957 1705 1008 1736 pg.
1021 1696 1097 1726 1152
1107 1698 1120 1715 ¹³
1130 1696 1169 1726 33
1189 1713 1229 1718 —
1251 1697 1349 1726 1153·
1359 1698 1378 1727 2
1399 1705 1580 1736 expressam
1603 1697 1783 1737 invenimus,
1804 1707 1866 1736 qua

149 1744 323 1783 voluptates
345 1752 414 1782 eae,
440 1752 519 1781 quae
540 1743 642 1773 soluta
666 1743 824 1774 harmonia
844 1743 1025 1774 comitantur
1044 1744 1180 1774 actiones
1208 1743 1345 1774 habitum
1372 1744 1543 1774 naturalem
1567 1744 1782 1783 restituentes,
1808 1753 1865 1784 per

150 1790 302 1829 accidens,
322 1799 384 1820 non
404 1790 544 1820 absolute
564 1790 716 1820 iucundae
737 1799 808 1820 esse
823 1790 971 1828 dicuntur,
993 1799 1061 1820 cum
1081 1792 1112 1819 et
1133 1790 1194 1820 sint
1213 1790 1397 1829 voluptates,
1420 1799 1499 1829 quae
1514 1791 1678 1829 gignantur
1698 1800 1760 1821 non
1780 1795 1863 1822 ante-

150 1836 278 1868 cedente
311 1836 416 1867 dolore
448 1839 500 1867 aut
528 1836 698 1876 cupiditate
730 1837 779 1876 (cf.
809 1836 887 1868 Plat.
907 1836 1023 1867 Phileb.
1055 1846 1107 1876 pg.
1138 1837 1191 1866 31ιί
1210 1845 1275 1875 sqq.
1306 1837 1360 1867 42⁶1
1379 1861 1386 1868 .
1418 1837 1494 1876 Rep.
1525 1837 1572 1867 IX
1602 1846 1653 1877 pg.
1684 1837 1753 1869 585,
1786 1837 1864 1869 Tim.

150 1902 202 1932 pg.
222 1892 367 1931 64—65):
391 1885 461 1920 Ἔτι
481 1885 552 1920 ἐπεὶ
572 1888 632 1919 τοῦ
657 1884 800 1929 ‹ira-905
825 1888 863 1919 τὸ
886 1888 954 1930 μὲν
975 1879 1149 1929 ἐνέργεια,’
1166 1888 1203 1919 τὸ
1232 1886 1262 1919 δ’
1285 1885 1367 1928 ἕξις,
1397 1888 1484 1920 κατὰ
1505 1887 1722 1930 συμβεβηκὸς
1742 1885 1779 1919 αἱ
1799 1899 1864 1920 κα-

150 1941 313 1975 &turdum
332 1940 380 1979 εἷς
406 1942 467 1985 τὴν
494 1942 638 1985 φυσικὴν
663 1940 732 1981 ἕξιν
764 1939 878 1985 ἡδεῖαί
905 1939 1004 1973 εἰσιν·
1036 1940 1105 1973 ἔστι
1131 1940 1161 1973 δ’
1188 1939 1208 1984 ἡ
1235 1938 1389 1986 ἐνέργεια
1419 1940 1456 1974 ἕν
1481 1943 1554 1979 ταῖς
1579 1939 1777 1984 ἐπιθυμίαις
1806 1943 1865 1986 τῆς

150 1995 335 2032 ὕπολοίπου
344 2003 366 2042 ²)
389 1995 491 2037 ἕξεως
509 1999 567 2030 καὶ
587 1998 738 2040 φύσεως,
765 1994 836 2030 ἐπεὶ
854 1998 911 2030 καὶ
932 1994 1013 2029 ἄνευ
1033 1996 1138 2040 λύπης
1162 1998 1220 2029 καὶ
1244 1994 1429 2040 ἐπιθυμίας
1449 1995 1532 2030 εἰσιν
1552 1994 1698 2040 ἡδοναί,
1729 1994 1808 2031 οἷον
1828 1996 1865 2031 αἳ

148 2054 207 2086 τοῦ
222 2052 372 2098 θεωρεῖν
382 2050 563 2097 ἐνέργειαι,
577 2053 635 2096 τῆς
648 2053 782 2094 φύσεως
796 2049 858 2085 οὔκ
872 2050 1006 2088 ἐνδεοῦς
1020 2050 1123 2094 ,οὔσης
1150 2074 1189 2078 -
1209 2056 1327 2087 fluxis
1336 2066 1375 2087 se
1397 2057 1554 2088 Fritzsche
1567 2059 1630 2096 (pg.
1646 2058 1712 2097 183,
1723 2058 1774 2096 35)
1789 2057 1865 2089 dicit

293 2170 311 2200 ¹)
328 2170 354 2194 n.
371 2179 397 2201 p.
413 2171 472 2194 318:
488 2170 559 2198 „Das
575 2170 662 2193 zelmte
678 2169 748 2193 Bueh
762 2169 826 2193 wird
842 2169 888 2192 auf
905 2170 960 2193 eine
976 2169 1032 2192 sehr
1048 2168 1150 2192 flache
1168 2168 1215 2192 Art
1231 2169 1423 2193 bevorwortet.“
1462 2170 1525 2199 „Die
1546 2170 1712 2202 Beliandlung
1734 2171 1779 2195 der
1800 2171 1863 2195 Luat

150 2210 155 2215 .
278 2210 284 2216 .
361 2210 366 2216 .
558 2217 564 2223 .
931 2221 963 2225 -
1007 2209 1013 2214 -
1174 2209 1180 2214 -
1407 2209 1413 2215 ·
1441 2209 1456 2221 u

149 2216 174 2232 ¹¹²
190 2209 206 2232 ¹.
224 2209 247 2232 x
263 2209 581 2279 &mmlzlzffoefflzss
597 2208 968 2280 {gleilffuiffissfflzgnm
979 2208 1283 2279 Βέιῖῖθιῐῗίῗὲπιᾼέιιῗὲιξῖξῑ
1299 2208 1512 2278 ῗῖπξὶῗιιξὲὴτθη,
1529 2249 1656 2274 Aristotel.
1676 2249 1864 2279 Schrfflsteuen,

149 2288 168 2315 Ι,
185 2296 209 2319 p.
222 2289 250 2312 81
264 2296 300 2320 sq.
1658 2297 1673 2320 Ξ
