2047 2513
153 209 294 251 physica,
315 210 380 241 Nic.
401 210 441 250 X,
461 211 489 251 3,
513 212 611 242 1174b
629 212 708 243 2-3
729 212 772 243 ad
791 211 955 251 Physicam
975 212 1231 243 auscultationem
1252 207 1344 252 (περὶ
1367 209 1546 251 κινήσεως)
1581 214 1774 254 relegamur,
1820 215 1872 256 qui

154 258 224 289 libri
245 257 318 298 quin
336 267 398 288 non
419 257 479 289 sint
499 258 634 289 absoluti
655 259 723 300 quis
744 262 793 290 est
813 259 865 300 qui
885 258 1028 289 dubitet?
1050 277 1090 281 —
1110 259 1174 290 Nec
1194 259 1306 290 desunt
1327 259 1390 290 alia
1409 260 1558 299 vestigia,
1590 260 1701 302 quibus
1721 270 1783 292 non
1804 270 1871 303 per-

153 304 237 335 fecta
256 313 327 335 esse
347 304 554 336 Nicomachea
574 309 716 347 apparet:
747 316 819 337 nam
847 314 926 347 quae
945 305 1128 336 Aristoteles
1148 307 1187 345 Π,
1208 315 1235 337 c.
1258 307 1285 346 7,
1310 307 1408 336 1108·
1420 306 1461 337 30
1481 316 1546 348 sqq.
1568 310 1640 348 post
1667 307 1795 338 virtutes
1808 318 1871 339 mo-

153 360 235 391 rales
256 359 297 390 de
317 359 409 390 animi
430 359 614 401 quibusdam
634 360 767 392 motibus
789 359 942 390 disserere
964 360 1023 391 sibi
1043 360 1186 402 proponit
1207 353 1287 398 (εἶσὶ
1307 354 1344 388 δὲ
1365 357 1423 388 καὶ
1443 353 1480 388 ἐν
1500 357 1571 393 τοῖς
1590 355 1721 389 πάθεσι
1744 360 1804 390 καὶ
1828 355 1866 390 ἐν

152 410 222 446 τοῖς
245 412 321 454 περὶ
345 411 386 441 τὰ
410 409 510 453 πάθη
520 408 709 452 μεσότητες
722 407 873 441 -ἆλλά
897 412 972 454 περὶ
993 411 1061 452 μὲν
1085 411 1216 443 τούτων
1238 413 1296 442 καὶ
1309 409 1441 443 ἄλλοθι
1465 412 1587 455 καιρὸς
1611 410 1732 456 ἔσται),
1748 421 1871 458 praeter

153 461 326 492 incohatam
346 460 473 503 pudoris
494 461 708 493 tractationem
727 461 779 500 IV,
802 461 840 492 15
859 461 973 491 frustra
993 462 1129 502 quaeris3
1163 461 1276 492 deinde
1298 461 1438 492 conferas
1460 461 1598 503 duplices
1623 462 1695 492 illas
1708 463 1866 503 formulas,

153 508 262 551 quibus
283 509 422 539 transitio
443 508 476 539 fit
496 518 516 539 a
536 508 613 539 libro
637 512 745 551 quarto
759 507 802 539 ad
823 508 967 550 quintum,
988 518 1008 539 a
1028 518 1108 539 nono
1129 508 1171 539 ad
1185 508 1349 548 decimum3
1373 512 1437 540 tum
1451 509 1512 539 loci
1526 509 1651 551 quidam
1664 509 1867 551 inveniuntur,

153 556 263 597 quibus
284 555 326 586 ad
350 555 565 587 antecedentia
585 556 635 587 vel
657 555 817 597 sequentia
836 555 1017 594 relegamur,
1039 555 1149 596 quibus
1164 559 1266 586 tamen
1281 565 1319 586 ea
1333 557 1460 596 quaein
1481 556 1694 587 Nicomacheis
1715 556 1865 588 habemus

152 612 213 634 non
233 602 437 634 satisfaciunt:
457 602 538 642 VIII,
559 603 588 642 2,
612 602 708 633 1155b
723 602 849 633 15—16.
870 601 924 641 IX,
946 603 973 641 9,
998 602 1095 632 1170·
1121 603 1168 634 25.
1191 602 1230 642 Χ,
1253 603 1280 641 7,
1306 603 1401 633 1177·
1431 603 1476 634 18.

292 650 374 680 Fieri
395 650 527 690 denique
547 650 694 691 potuisse,
715 653 750 680 ut
769 649 932 680 incohatae
956 650 1226 681 commentationes
1241 650 1279 680 ab
1293 649 1460 680 Aristotele
1472 650 1606 681 reiectae
1626 654 1658 680 et
1677 653 1866 682 retractatae

149 696 234 728 libris
255 696 294 727 ab
315 696 385 726 aliis
406 696 497 726 editis
518 696 742 735 insererentur,
767 696 918 726 ‘nonnulla
937 696 999 725 alia
1020 697 1161 737 exempla
1186 695 1310 725 docent:
1345 696 1485 726 conferas
1506 697 1586 726 enim
1612 705 1665 735 ea,
1696 705 1776 737 quae
1802 697 1860 728 viri

150 744 233 777 docti
254 744 293 775 de
312 742 487 775 Aristotelis
507 741 787 785 Metaphysicorum
807 742 926 776 libroK
946 741 1102 783 (Brandis:
1134 742 1184 773 die
1205 741 1435 773 Aristotelische
1456 741 1664 784 Metaphysik,
1684 741 1857 774 Denkschr.

148 792 203 823 der
223 792 359 822 Berliner
378 790 558 828 Akademie,
580 791 666 829 1334,
687 803 717 831 p.
731 791 770 821 66
785 800 850 831 sqq.
865 790 983 820 Bonitz:
1005 790 1128 821 Aristot.
1145 790 1208 820 Met
1215 789 1324 830 aphys.
1339 791 1377 828 Π,
1391 801 1420 830 p.
1439 790 1484 820 15.
1499 790 1556 820 451
1573 790 1664 830 sqq.),
1685 789 1726 820 de
1746 789 1859 830 Kateg.

147 847 173 870 c.
196 839 225 878 5,
246 837 351 879 Topic.
372 838 410 876 Π,
433 837 449 866 7
478 837 710 877 disputaverunt
740 837 789 876 (cf.
817 837 963 878 Spengel:
994 836 1069 866 uber
1096 835 1147 866 die
1176 836 1268 866 dritte
1289 836 1419 877 Philipp.
1441 835 1527 866 Rede
1548 835 1605 866 des
1627 836 1861 875 Demosthenes,

149 885 301 917 Abhandl.
323 884 378 915 der
398 884 582 915 Munchener
602 884 784 924 Akademie,
815 884 926 926 philos.
957 883 1063 925 philol.
1094 883 1145 914 Κ1.
1172 883 1224 922 111,
1249 883 1268 922 l,
1290 895 1320 924 p.
1344 883 1526 923 194—197);
1548 883 1620 922 quin
1639 886 1776 914 veterem
1796 883 1863 914 eius

148 934 193 963 rei
213 935 369 962 auctorem
389 931 537 960 habemus
557 931 755 970 Simplicium,
782 931 1054 971 prudentissimum
1077 930 1163 959 illum
1187 930 1337 969 physicae
1361 930 1564 960 Aristotelcae
1587 931 1793 970 interpretem,
1813 931 1865 968 qui

148 987 187 1018 de
208 986 299 1029 phys.
319 985 340 1017 l.
361 985 418 1016 VH
439 983 503 1025 (fol.
524 984 597 1025 242)
618 984 695 1016 haee
716 984 812 1016 dicat:
854 977 965 1022 ἐπειδὴ
993 981 1148 1021 φαίνεται
1166 978 1337 1011 καὶτοῦτο
1350 979 1401 1021 μὴ
1416 978 1504 1010 πάνυ
1523 978 1583 1022 τῆς
1602 979 1687 1023 πρὸς
1707 980 1749 1011 τὰ
1769 977 1862 1011 ἄλλα

146 1037 266 1079 βιβλία
287 1039 481 1077 συγγενείας
501 1036 543 1067 τὰ
563 1033 600 1066 ἐν
619 1036 721 1078 ταύτῃ
742 1035 782 1077 τῆ
802 1038 1018 1079 πραγματείᾳ
1038 1030 1118 1076 ἆπῷ
1120 1032 1182 1065 δον
1199 1032 1290 1077 μηδὲ
1311 1035 1371 1076 τῆς
1399 1034 1460 1066 τοῦ
1483 1034 1741 1077 Ἀριστοτέλους
1763 1030 1864 1076 dyp-

147 1095 243 1129 ψοίας
263 1088 414 1131 α’νάξιον,
435 1090 521 1132 τάχα
541 1087 585 1122 ἂν
604 1089 732 1132 εἴποιμι
752 1089 960 1134 πρότερον
988 1088 1066 1131 μὲν
1098 1084 1179 1120 α’πό
1212 1088 1283 1120 τοῦ
1311 1086 1634 1131 Ἀριστοτέλους
1652 1088 1865 1133 γραφῆναι

146 1147 285 1185 τοῦτο,
306 1142 478 1190 ὕστερον
499 1143 538 1177 δὲ
562 1143 604 1177 ἐν
625 1145 678 1190 τῷ
698 1144 925 1188 τελευταίῳ
946 1143 1100 1187 βιβλίῳ
1126 1143 1205 1174 τῶν
1229 1141 1271 1175 ἐν
1299 1143 1433 1187 τούτῳ
1459 1143 1713 1184 κεφαλαίων
1740 1139 1864 1186 ἄκρι-

148 1203 348 1245 βέστερον
374 1199 739 1244 διαρθρωθέντων
764 1199 877 1235 τινὰς
902 1196 953 1235 ὥς
979 1196 1135 1231 οἰκεῖον
1161 1194 1258 1230 αὐτὸ
1282 1198 1326 1240 τῆ
1353 1196 1620 1242 πραγματείᾳ
1646 1197 1861 1237 συντάξαι.

287 1293 374 1330 Quae
395 1300 463 1322 cum
483 1291 527 1321 ita
548 1291 616 1329 sint,
638 1299 706 1321 eam
726 1290 765 1321 de
786 1290 851 1321 Nic.
872 1289 939 1328 VII,
961 1297 986 1320 c.
1017 1288 1134 1319 12—15
1148 1288 1339 1328 sententiam,
1361 1297 1452 1326 quam
1475 1289 1510 1319 L.
1534 1289 1670 1327 Spengel
1691 1290 1724 1318 et
1743 1288 1799 1318 Ch.
1821 1288 1858 1319 A.

146 1340 276 1372 Brandis
297 1340 354 1371 viri
382 1339 548 1370 acutissimi
570 1338 773 1377 librorumque
793 1337 1044 1367 Aristoteleorum
1065 1335 1185 1376 penitus
1207 1335 1295 1374 gnari
1317 1336 1437 1376 probari
1463 1344 1556 1376 posse
1584 1335 1657 1366 olim
1677 1335 1861 1374 censuerint,

147 1397 206 1418 non
227 1396 351 1428 proi-sus
372 1387 517 1416 reiectum
538 1386 574 1415 iri
596 1394 719 1425 sperare
740 1384 814 1414 mihi
835 1384 949 1413 videor.
