2047 2513
928 95 1106 126 „13-

159 182 288 222 ἁπλῶς·
299 185 357 217 καὶ
370 183 428 217 ‹51oe
439 184 538 216 τοῦτο
551 181 672 221 πάντές
683 184 743 217 τὸν
755 181 942 226 εὐδαίμονα
956 182 1037 227 ἡδὺν
1050 184 1181 217 οἴονται
1192 184 1272 226 βίον
1285 180 1383 223 εἴναι,
1395 184 1453 216 καὶ
1465 176 1669 226 ἐμπλέκουσι
1676 183 1738 227 τὴν
1747 181 1872 228 ἡδονὴν

159 238 208 277 εἶς
219 231 281 284 τὴν
292 235 524 282 dammum,
538 235 699 282 εῧλόγως.
714 252 765 283 pg.
780 243 856 274 1153
864 245 878 263 b
888 244 927 275 25
936 253 1001 287 sqq,
1014 241 1072 272 καὶ
1085 239 1123 272 τὸ
1137 236 1270 271 διώκειν
1283 235 1450 271 &anana
1460 240 1519 271 καὶ
1532 237 1642 283 θηρία
1652 235 1871 283 naith-9916-

157 305 241 331 πους
253 294 314 337 τὴν
326 291 452 337 ἡδονὴν
465 294 607 336 σημεῖόν
619 306 648 326 τι
662 294 721 326 τοῦ
734 291 826 326 εἶναί
835 305 907 330 πως
919 294 957 326 τὸ
971 292 1110 339 ἄριστον
1122 290 1238 337 αὗτήν,
1263 307 1332 328 cum
1355 298 1407 328 lib.
1432 298 1463 328 X
1485 307 1512 329 c.
1533 298 1553 328 2
1573 293 1694 329 Eudoxi
1719 298 1872 329 sententia

157 345 321 377 reiiciatur.
370 345 457 383 Quae
479 344 632 376 dissensio
654 354 776 385 semper
795 345 988 385 potissimum
1008 345 1117 384 effecit,
1140 348 1172 376 ut
1192 345 1297 385 capita
1310 348 1416 376 nostra
1430 345 1469 376 ab
1483 344 1649 375 Aristotele
1663 344 1872 376 abiudicanda

160 396 191 423 et
210 392 348 423 Eudemo
369 391 564 423 attribuenda
585 401 656 422 esse
677 392 734 423 viri
755 391 838 423 docti
858 392 1074 423 existimarent.
1090 394 1110 431 ¹)
1145 393 1186 423 At
1206 393 1283 423 libro
1305 392 1425 423 decimo
1446 391 1630 422 Aristoteles
1652 391 1745 423 docet
1765 391 1871 431 volup-

158 442 239 470 tates
260 439 364 478 specie
385 437 521 478 differre3
542 447 621 480 quae
642 448 710 469 cum
731 438 902 469 actionibus
923 439 966 469 ita
982 440 1046 471 sint
1067 439 1255 479 coniunctae,
1277 442 1311 469 ut
1331 439 1422 469 malis
1443 438 1615 469 actionibus
1635 439 1752 478 malae,
1783 439 1871 470 bonis

158 486 257 516 bonae
277 486 453 525 voluptates
474 486 647 524 gignantur,
669 485 819 526 quasdam
842 486 1016 525 voluptates
1037 494 1108 516 esse
1129 485 1319 525 expetendas
1340 494 1376 516 ac
1398 485 1495 516 bonas
1513 484 1565 525 (cf.
1581 495 1606 516 c.
1621 485 1705 525 5pg.
1719 484 1819 516 1175¹²
1832 486 1872 516 24

158 533 248 573 sqq).
280 532 472 572 Quamquam
493 531 573 571 inde,
596 531 677 573 quod
692 531 867 571 voluptates
878 533 983 571 specie
994 533 1145 571 differant,
1160 541 1312 572 apparere
1323 532 1399 562 dicit
1408 531 1600 571 voluptatem
1618 541 1680 562 non
1700 541 1770 562 esse
1792 541 1871 562 sum-

159 587 241 609 mum
255 577 376 617 bonum,
392 578 474 620 quod
487 588 548 609 non
569 578 700 609 sufficiat
721 579 789 608 sola
808 578 850 609 ad
870 578 947 609 bene
968 579 1118 620 beateque
1138 578 1310 618 vivendum,
1332 588 1401 609 cum
1421 581 1452 609 et
1472 587 1561 609 nemo
1582 578 1677 609 vitam
1692 577 1806 617 degere
1821 588 1871 609 cu-

159 625 225 665 piat
246 625 314 655 sola
333 628 433 655 mente
454 625 542 664 pueri
563 624 734 664 praeditus,
755 629 786 656 et
805 634 856 656 res
878 626 938 656 sint
958 635 1036 667 quae
1058 629 1252 666 appetantur,
1274 625 1395 656 etiamsi
1409 625 1524 656 nullam
1538 625 1667 656 afferant
1680 625 1872 665 voluptatem

160 674 197 710 (c.
216 674 236 703 2
258 681 311 711 pg.
335 672 483 703 11731225
505 674 602 713 sqq),
634 675 736 703 tamen
757 683 782 703 c.
804 673 884 704 2-3
904 674 1065 704 maximam
1086 677 1206 713 partem
1233 672 1349 703 confert
1370 672 1411 702 ad
1431 671 1602 702 refellenda
1621 681 1660 702 ea
1680 676 1872 712 argumenta,

160 728 239 761 quae
260 722 367 750 contra
387 718 507 749 Eudoxi
529 720 711 750 sententiam
732 723 818 750 erant
839 719 979 759 prolata,
1011 720 1120 762 quibus
1150 720 1235 750 illam
1255 729 1315 750 non
1336 719 1458 758 infringi
1482 718 1572 749 docet
1591 728 1648 749 nec
1670 717 1872 751 demonstrari

159 774 347 814 voluptatem
368 784 428 805 non
449 783 520 807 esse
541 774 660 805 bonum.
701 775 770 806 Jam
792 775 819 806 si
840 785 865 807 c.
888 777 907 807 2
928 785 979 816 pg.
1003 774 1323 808 1172b35—117325
1343 774 1421 805 haec
1442 774 1583 814 legimus:
1614 767 1648 802 οἳ
1677 769 1707 803 δ’
1738 768 1872 804 ἐνιστά-

155 836 258 867 μενοι
279 822 325 861 ὥς
346 822 408 856 οὐκ
428 821 581 866 ἀγαθὸν,
603 822 644 856 οὗ
663 823 757 858 πάντ’
778 824 917 866 ἐφίεται,
935 827 985 869 μὴ
1008 824 1117 858 οὕθὲν
1136 826 1285 868 λέγωσιν
1299 836 1307 844 ·
1342 823 1361 857 ὃ
1381 825 1450 867 γὰρ
1471 825 1553 857 πᾶσι
1573 824 1679 866 δοκεῖ,
1700 827 1799 859 τοῦτο
1821 824 1872 858 εἶ-

156 883 217 912 ναί
234 889 358 922 φαμεν·
382 877 400 911 ὃ
423 878 452 911 δ’
474 876 627 924 ἀναιρῶν
648 881 772 923 ταύτην
786 881 847 924 τὴν
866 884 973 913 πίστιν
994 878 1035 913 οὗ
1055 881 1143 913 πάνυ
1164 880 1343 924 πιστότερα
1364 877 1451 924 ἐρεῖ·
1485 878 1592 922 εἰμὲν
1603 880 1673 925 γὰρ
1688 881 1728 912 τὰ
1741 878 1873 924 α’νόητα

159 932 308 980 ὠρέγετο
330 931 454 975 αὐτῶν,
475 932 517 977 ἥν
537 932 580 966 ἄν
600 946 631 966 τι
651 936 689 967 τὸ
710 936 915 978 λεγόμενον·
949 934 982 968 εἰ
1005 935 1040 968 δὲ
1061 937 1119 968 καὶ
1139 936 1182 967 τὰ
1203 936 1369 980 φρόνιμα,
1389 935 1461 971 πῶς
1482 935 1616 977 λέγοιεν
1636 932 1680 968 ἄν
1700 944 1749 976 τι;
1790 935 1874 973 ἴσως

158 989 194 1022 δὲ
214 991 273 1022 καὶ
293 987 331 1021 ἐν
349 990 420 1026 τοῖς
441 990 585 1030 φαύλοις
605 988 678 1022 ἐστί
694 1002 724 1022 τι
745 991 888 1032 φυσικὸν
919 988 1060 1033 ἀγαθὸν
1089 991 1245 1035 κρεῖττον
1270 988 1291 1033 ἢ
1310 990 1393 1022 καθ’
1416 987 1513 1029 αὑτὰ,
1546 987 1566 1022 ὃ
1587 988 1718 1031 ἐφίεται
1738 991 1799 1023 τοῦ
1819 989 1873 1023 οἰ·

157 1048 250 1077 xscov
281 1041 435 1086 oe'ya30171
456 1058 554 1079 nonne
569 1053 736 1088 congruunt
750 1060 818 1080 cum
832 1051 892 1082 illis
907 1060 988 1090 quae
1008 1051 1029 1081 l.
1044 1051 1103 1081 VII
1116 1059 1141 1080 c.
1158 1050 1196 1080 14
1207 1060 1258 1089 pg.
1271 1050 1348 1080 1153
1359 1049 1499 1081 ι’25-32
1512 1050 1642 1081 extant?
1656 1051 1681 1091 ²)
1703 1050 1810 1082 Nonne
1825 1060 1873 1089 ea,

157 1105 236 1134 quae
256 1106 309 1136 pg.
333 1096 431 1126 1173·
460 1096 559 1126 5—13
580 1096 735 1135 habemus,
757 1097 839 1127 idem
859 1098 964 1128 volunt
983 1097 1193 1127 demonstrare
1214 1096 1297 1135 quod
1317 1097 1382 1136 VII,
1405 1097 1451 1135 14,
1474 1096 1574 1127 115312
1602 1097 1623 1127 4
1643 1106 1709 1135 sqq.
1731 1106 1870 1137 compro-

156 1151 260 1182 batum
280 1151 471 1181 invenimus?
493 1152 600 1189 Itaque
622 1152 736 1190 pariter
756 1152 856 1190 potuit
877 1152 1032 1182 concludi:
1064 1144 1196 1189 ἀνάγκη
1226 1144 1288 1179 οὗν
1317 1148 1379 1189 τὴν
1412 1144 1540 1189 ἡδονὴν
1564 1144 1707 1189 ἀγαθόν
1727 1159 1758 1180 τι
1786 1145 1875 1180 εἶναι

158 1199 274 1238 (1153b
302 1200 345 1238 4).
379 1198 448 1229 Jam
469 1198 496 1228 si
517 1198 719 1238 philosophus
741 1199 797 1229 VH
818 1208 843 1231 c.
867 1200 905 1229 14
925 1199 1056 1238 amplius
1076 1198 1174 1229 tendit
1194 1202 1224 1229 et
1245 1198 1456 1229 demonstrare
1477 1198 1590 1237 studet,
1612 1199 1751 1237 quamvis
1771 1200 1874 1231 malae

157 1245 218 1276 sint
238 1245 389 1284 quaedam
409 1246 598 1285 voluptates,
630 1255 720 1276 unam
740 1249 843 1276 tamen
870 1255 939 1276 esse
970 1256 1063 1286 posse
1091 1255 1239 1276 summum
1259 1246 1380 1284 bonum,
1401 1245 1649 1277 adversariorum
1669 1249 1776 1277 contra
1796 1257 1874 1289 quos

157 1292 296 1332 disputat
316 1301 385 1322 eum
416 1292 486 1323 duci
517 1293 668 1323 sententia
698 1293 882 1323 assentimur
911 1293 1042 1323 Antonio
1070 1293 1114 1333 (ll.
1141 1303 1192 1332 pg.
1214 1294 1232 1323 8
1257 1302 1321 1331 sqq.
1344 1302 1395 1332 pg.
1424 1293 1461 1323 15
1490 1293 1560 1334 sq.),
1582 1297 1674 1334 atque
1695 1293 1778 1324 idem
1798 1294 1874 1325 iudi-

157 1356 272 1387 camus,
294 1347 376 1388 quod
398 1356 492 1386 supra
513 1348 552 1377 de
573 1358 609 1378 eo
630 1348 700 1378 libri
721 1349 843 1389 septimi
863 1349 942 1387 loco,
964 1358 1022 1389 quo
1044 1341 1150 1386 ἡδονή
1171 1341 1325 1387 ἐνέργεια
1345 1347 1465 1387 dicitur,
1487 1347 1682 1386 diligentiore
1704 1358 1780 1379 suae
1802 1348 1873 1380 doc-

157 1394 254 1425 trinae
274 1394 481 1433 descriptione
503 1395 608 1434 (quam
628 1395 706 1425 liber
726 1395 863 1426 decimus
886 1395 1021 1434 exhibet)
1042 1395 1139 1425 fuisse
1160 1395 1358 1425 Aristotelem
1378 1403 1440 1425 rem
1455 1398 1566 1433 postea
1585 1395 1760 1426 accuratius
1782 1405 1875 1435 expo—

156 1442 297 1472 siturum.
312 1443 336 1474 ἣ

299 1489 384 1519 Haec
406 1489 433 1519 si
453 1492 536 1519 recte
557 1489 715 1529 disputata
736 1493 815 1528 sunt,
837 1492 968 1529 apparet
981 1489 1099 1520 infirma
1113 1498 1184 1519 esse
1199 1498 1236 1519 ea
1258 1492 1446 1527 argumenta,
1462 1488 1573 1530 quibus
1587 1489 1642 1519 illa
1663 1489 1768 1529 opinio
1790 1490 1875 1521 abiu-

158 1536 320 1568 dicandam
341 1544 411 1566 esse
431 1536 470 1566 ab
492 1537 657 1567 Aristotele
679 1540 845 1567 extremam
867 1537 988 1576 septimi
1008 1537 1078 1567 libri
1098 1539 1217 1576 partem
1232 1537 1344 1566 nititur.
1377 1536 1448 1566 Jam
1468 1537 1495 1567 si
1517 1537 1690 1575 quaeritur,
1723 1537 1876 1576 quomodo

157 1584 271 1615 factum
292 1591 362 1613 esse
382 1585 534 1623 putemus,
556 1587 589 1614 ut
610 1584 763 1624 duplicem
784 1585 958 1615 contineant
978 1584 1185 1615 Nieomachea
1212 1583 1251 1613 de
1277 1584 1744 1623 voluptate'commentationem,
1767 1584 1877 1624 proba-

158 1635 207 1662 tur
220 1630 294 1660 mihi
305 1639 343 1660 ea
358 1631 515 1670 sententia,
531 1641 592 1671 qua.
605 1632 636 1661 in
650 1632 727 1662 libro
749 1632 879 1670 septimo
895 1635 1048 1662 servatam
1063 1631 1150 1662 nobis
1166 1640 1236 1660 esse
1251 1634 1359 1670 putant
1380 1631 1554 1662 incohatam
1574 1632 1729 1670 quandam
1750 1632 1789 1662 ab
1810 1633 1877 1662 Ari-

159 1677 270 1709 stotele
284 1677 452 1717 voluptatis
473 1677 719 1718 descriptionem,
741 1688 796 1718 pro
818 1687 879 1717 qua
898 1688 959 1709 non
979 1678 1117 1718 perfecta
1137 1681 1248 1718 postea
1262 1678 1315 1708 ille
1326 1687 1437 1708 novam
1452 1678 1651 1709 substituerit.
1688 1679 1876 1717 Diligentius

150 1726 240 1757 enim
260 1725 332 1763 quin
354 1725 394 1755 sit
414 1726 588 1766 conscripta
607 1727 677 1757 libri
705 1726 815 1757 decimi
846 1726 1079 1764 commentatio,
1110 1726 1179 1764 quis
1211 1729 1259 1756 est
1285 1726 1336 1764 qui
1363 1725 1504 1757 dubitet?
1538 1726 1596 1757 Illa
1625 1726 1706 1757 enim
1737 1726 1877 1766 singulas

352 1813 369 1844 ¹)
388 1813 425 1838 Cf.
443 1815 588 1839 scholion
606 1814 674 1844 illud,
693 1814 760 1846 quod
776 1814 852 1845 volgo
869 1813 1005 1845 Aspasio
1022 1814 1146 1843 tribuitur,
1169 1814 1195 1837 iu
1212 1813 1329 1844 Spengeli
1346 1815 1552 1837 commentatione
1569 1822 1610 1845 pg.
1629 1815 1683 1838 520.
1724 1813 1877 1837 Schleier-

161 1855 280 1880 macher
297 1855 322 1880 ll.
341 1862 382 1886 pg.
400 1856 455 1879 330.
488 1856 622 1880 Fischer
639 1854 669 1878 de
686 1855 766 1878 Ethic.
785 1855 881 1878 Nicom.
899 1857 925 1878 et
941 1854 1043 1878 Eudem,
1062 1862 1103 1885 pg.
1121 1854 1184 1877 5-6
1203 1854 1285 1877 adnot
1320 1853 1486 1878 Fritzsche
1503 1862 1545 1886 pg.
1565 1855 1611 1878 188
1627 1861 1663 1886 sq.
1681 1854 1703 1877 7.
1742 1853 1877 1886 Spengel

161 1896 314 1919 Miinchener
332 1888 449 1920 Gelehrte
464 1895 591 1926 Anzeigen
612 1896 681 1923 1852,
698 1902 740 1925 pg.
758 1895 805 1917 442
826 1902 861 1925 sq.

351 1935 371 1965 ¹)
389 1935 463 1958 Hanc
480 1942 565 1958 veram
580 1934 720 1958 Aristotelis
737 1941 790 1957 esse
807 1934 954 1957 sententiam
971 1933 1143 1956 demonstrant
1159 1941 1190 1957 ea
1205 1940 1270 1964 quae
1287 1933 1318 1956 de
1335 1934 1418 1956 anima
1434 1933 1459 1962 ll,
1477 1934 1501 1962 4,
1517 1934 1589 1956 415·
1600 1934 1632 1956 28
1648 1940 1700 1964 sqq.
1713 1933 1818 1963 legimus
1837 1932 1878 1961 (cf.

163 1983 193 1999 su
210 1982 240 1999 η
256 1982 273 2006 p
292 1994 297 1999 .
315 1975 349 2006 8).

193 1983 209 2007 p
273 1983 291 2007 g
353 2014 372 2044 ⁸)
390 2015 428 2038 Cf.
446 2014 580 2039 Bruudis
596 2023 637 2046 pg.
657 2015 718 2038 1511
737 2014 808 2037 Anm.
825 2014 1006 2045 „Wenugleieh
1016 2014 1049 2036 im
1060 2013 1103 2037 Vll
1114 2013 1183 2036 Buch
1195 2013 1239 2036 der
1250 2013 1417 2044 Behauptung
1426 2015 1664 2044 eutgegengetreten
1675 2012 1746 2042 vird,
1764 2013 1804 2037 die
1815 2013 1879 2037 Luat

163 2054 247 2079 kfinne
262 2054 330 2078 nieht
347 2054 392 2078 das
410 2054 482 2077 Beate
498 2054 558 2082 sein,
575 2061 603 2077 so
621 2054 684 2077 wird
701 2053 766 2077 doch
781 2052 894 2084 augleich
910 2052 949 2075 ihr
965 2052 1010 2075 das
1027 2052 1152 2075 Pradikat
1168 2052 1210 2075 des
1229 2053 1319 2075 Besten
1335 2059 1383 2075 nur
1398 2052 1575 2083 zugesttnden,
1591 2053 1702 2076 insofem
1713 2054 1749 2076 sie
1760 2055 1878 2076 unman-

164 2094 211 2118 bar
226 2093 372 2118 verbunden
387 2094 431 2117 mit
448 2093 492 2117 der
508 2092 717 2123 Kraflthatigkeit
732 2093 775 2122 sei,
792 2092 844 2115 und
860 2092 906 2115 auf
915 2092 981 2115 diese
992 2092 1075 2115 Weise
1086 2091 1149 2114 wird
1160 2090 1204 2115 der
1215 2091 1360 2115 scheinbare
1372 2091 1551 2123 Widerzpruch
1562 2092 1607 2115 mit
1617 2092 1666 2115 den
1678 2092 1880 2122 Bestimmungeu

164 2134 208 2158 des
225 2134 330 2158 sebnten
345 2134 441 2158 Buches
456 2141 504 2157 nur
520 2140 552 2156 zu
567 2133 635 2156 einer
650 2131 875 2160 versehiedenheit,
901 2131 941 2155 die
956 2131 1009 2155 sich
1025 2131 1117 2154 danus
1133 2130 1247 2154 erkliiren
1265 2131 1334 2160 llisst,
1352 2130 1410 2155 dass
1426 2131 1471 2155 der
1486 2132 1556 2155 nieht
1566 2139 1596 2155 zu
1608 2131 1680 2155 Ende
1690 2131 1807 2164 geffihrte
1818 2131 1878 2155 Ent-

165 2174 232 2198 vurf
245 2173 292 2198 uus
304 2173 345 2197 die
360 2173 516 2204 Ersrteruug
531 2171 575 2196 des
592 2172 774 2196 Verhiiltnissee
791 2179 841 2195 von
857 2171 922 2195 Lust
937 2170 990 2194 und
1005 2170 1213 2201 Krastthxtigkeit
1228 2170 1296 2194 nieht
1312 2171 1397 2194 weiter
1413 2171 1525 2202 eingeht,
1548 2171 1666 2195 vielmhr
1687 2171 1744 2196 uidi
1759 2170 1879 2203 begnugt,

167 2213 213 2237 dns
231 2213 434 2237 Unzureicheude
451 2213 495 2237 der
513 2211 614 2237 Grande
633 2211 672 2235 fiir
689 2212 728 2235 die
745 2212 977 2243 entgegengesetzte
993 2209 1122 2233 Annahme
1138 2210 1349 2234 nuchzuweisen.“
