2047 2513
149 615 258 672 Quod
277 637 308 669 in
327 637 500 670 Aristotelis
521 637 640 669 Ethiois
660 637 872 669 Nicomacheis
892 636 1007 678 duplici
1030 638 1098 669 loco
1120 638 1192 678 (VII
1211 647 1238 670 c.
1259 638 1384 670 12-15,
1405 638 1435 668 X
1455 648 1480 669 c.
1502 639 1593 679 1-5)
1618 638 1658 669 de
1677 639 1835 679 voluptate

147 684 315 726 disseritur,
335 686 421 717 varia
433 686 550 717 ratione
563 685 620 717 viri
640 684 722 716 docti
735 685 889 726 explicare
910 685 1096 717 studuerunt.
1136 685 1215 716 Nam
1229 703 1268 707 —
1281 688 1315 716 ut
1335 684 1480 735 ow,
1500 694 1579 724 quae
1600 685 1629 716 ei
1648 686 1699 717 vel
1717 689 1838 718 veteres

147 733 197 765 vel
220 734 403 765 recentiores
428 733 593 764 attulerunt
618 732 669 771 qui
695 733 804 764 leviter
825 741 889 764 rem
924 733 1088 772 attigerunt
1118 751 1158 755 —
1187 733 1237 765 Fr.
1262 732 1527 772 Scffleiermacher,
1554 733 1606 771 qui
1633 734 1749 774 primus
1773 742 1837 765 rem

147 779 321 821 diligentius
340 780 496 820 tractavit,
526 779 596 810 libri
615 779 672 811 VH
692 779 929 820 disputationem
957 780 1035 811 sicut
1059 781 1145 820 ipsos
1170 780 1265 811 libros
1290 780 1355 811 Nic.
1383 778 1508 811 v-Vn
1532 776 1747 811 Eudemiorum
1767 789 1838 812 esse

146 827 301 859 contendit
327 827 454 869 (Werke
479 837 532 858 zur
558 827 755 867 Philosophie
779 828 802 858 I.
823 837 875 867 pg.
896 828 954 859 306
975 829 1051 866 sqq.)
1058 851 1067 867 ,
1099 828 1134 859 L.
1160 827 1295 868 Spengel
1319 827 1551 858 accuratissima
1574 827 1629 858 illa
1655 827 1697 858 de
1721 828 1838 859 Ethiois

146 874 336 905 Aristoteleis
356 874 606 905 commentatione
632 874 887 914 (Abhandlungen
907 874 961 905 der
980 875 1104 914 Konigl.
1124 875 1323 905 Baierischen
1343 874 1512 905 Akademie
1538 874 1593 906 der
1616 874 1839 907 Wissenschaf-

145 924 210 960 ten,
241 920 727 961 philosophisch-philologische
756 921 871 952 Klasse
901 922 945 952 ΙΠ
969 921 1058 952 Abth.
1084 920 1164 952 2-3
1189 921 1295 962 (1841)
1319 931 1370 961 pg.
1397 921 1554 952 439—551
1584 921 1620 953 cf.
1656 921 1840 953 Mumhener

146 968 289 1000 Gelehrte
308 968 463 1008 Anzeigen
484 969 561 1000 1842
581 968 617 999 N.
631 969 709 999 6-7
729 969 763 999 Β.
784 969 799 999 Ι
818 978 869 1008 pg.
882 968 1014 1010 49-64)
1036 972 1089 1000 aut
1109 968 1218 1009 prioris
1240 968 1455 1008 disputationis
1476 971 1628 999 auctorem
1648 977 1719 999 esse
1739 969 1839 1000 Eude-

145 1025 228 1046 mum
247 1018 313 1055 aut,
345 1016 372 1046 si
392 1016 431 1046 ab
451 1015 614 1046 Aristotele
635 1015 689 1046 illa
708 1019 791 1046 esset
811 1016 997 1055 conscripta,
1028 1025 1089 1047 non
1119 1016 1290 1046 absolutam
1316 1015 1494 1054 decimoque
1520 1014 1597 1046 libro
1617 1025 1681 1046 rem
1702 1025 1772 1048 esse
1793 1026 1838 1049 re·

146 1065 308 1094 tractatam
328 1062 440 1103 docuit,
460 1065 569 1102 postea
589 1071 670 1101 vero,
692 1072 783 1102 quum
802 1063 838 1095 A.
858 1062 898 1093 M.
919 1062 1047 1093 Fischer
1068 1062 1122 1103 (de
1142 1062 1258 1094 Ethicis
1279 1062 1492 1093 Nicomacheis
1513 1065 1544 1092 et
1563 1062 1730 1102 Eudemiis,
1751 1064 1838 1096 Bonn

147 1111 238 1151 1847)
259 1113 291 1141 et
309 1111 345 1141 A.
366 1110 424 1141 Th.
445 1110 482 1141 H.
503 1110 659 1154 Fritzsche
685 1110 870 1151 (Aristotelis
894 1110 1004 1141 Ethica
1029 1110 1187 1151 Eudemia,
1211 1110 1367 1141 Ratisbon.
1391 1110 1481 1150 1851)
1503 1109 1598 1141 libros
1618 1110 1761 1142 VI—VII
1779 1112 1839 1143 Eu-

146 1157 254 1188 demiis
275 1166 346 1188 esse
358 1157 519 1188 tribuenda
539 1157 716 1188 convincere
731 1157 928 1196 studuissent,
948 1158 1018 1188 libri
1031 1159 1089 1189 VII
1108 1158 1344 1197 disputationem
1365 1157 1404 1187 ab
1424 1157 1589 1188 Aristotele
1602 1157 1838 1191 abiudicandam

146 1214 217 1236 esse
235 1204 353 1236 censuit
374 1204 570 1245 (Manchener
589 1203 731 1235 Gelehrte
751 1204 906 1244 Anzeigen
928 1205 1003 1237 1852
1023 1205 1059 1236 N.
1080 1205 1226 1246 54—56);
1257 1208 1362 1236 contra
1387 1213 1425 1235 ea
1449 1204 1476 1235 J.
1497 1204 1655 1235 Bendixen
1674 1207 1840 1246 praecipue

145 1252 216 1283 aliis
235 1252 485 1283 Aristoteleorum
504 1252 647 1282 librorum
676 1251 753 1282 locis
773 1252 893 1282 collatis
923 1254 1086 1292 genuinum
1111 1262 1180 1283 esse
1206 1256 1301 1283 totum
1326 1251 1598 1283 Nicomacheorum
1617 1252 1726 1284 librum
1746 1255 1838 1294 septi-

145 1309 227 1330 mum
244 1298 459 1330 'demonstrare
485 1298 638 1329 contendit
665 1298 909 1338 (Bemerkungen
939 1309 1006 1329 zum
1031 1299 1096 1330 VII.
1121 1299 1205 1330 Buch
1231 1299 1286 1329 der
1316 1298 1490 1329 Nicomach.
1521 1298 1630 1337 Ethik,
1661 1299 1839 1341 Philologus

145 1346 184 1377 X.
206 1356 257 1386 pg.
280 1345 443 1378 199—210.
464 1345 623 1377 263—294
635 1363 675 1367 --
695 1345 732 1375 cf.
754 1345 892 1376 eiusdem
912 1345 951 1375 de
971 1345 1147 1376 Ethicorum
1166 1346 1435 1376 Nicomacheorum
1454 1345 1628 1384 integritate
1648 1351 1840 1379 commentat.

144 1394 246 1425 Ploen.
262 1392 340 1424 1854
351 1394 411 1433 —),
426 1396 456 1424 et
469 1392 506 1423 H.
519 1392 619 1424 Anton
632 1395 794 1432 postquam
808 1401 885 1431 quae
899 1392 1100 1423 intercederet
1113 1393 1190 1424 ratio
1210 1393 1288 1423 inter
1307 1392 1482 1423 Ethicorum
1502 1392 1676 1423 Nicomach.
1695 1393 1764 1424 libr.
1784 1394 1841 1426 VII

145 1450 171 1472 c.
193 1440 309 1472 12-15
329 1443 360 1470 et
378 1440 429 1471 lib.
451 1440 482 1470 X
502 1440 579 1471 1-5
599 1439 831 1479 diligentissime
850 1439 1019 1479 inquisivit,
1051 1449 1139 1471 suam
1169 1443 1326 1478 utramque
1357 1439 1638 1471 commentationem
1659 1439 1773 1472 habere
1793 1451 1839 1472 ra-

145 1487 258 1519 tionem
276 1487 308 1518 in
326 1496 360 1518 re
379 1487 512 1527 positam
531 1487 681 1527 probasse
702 1487 761 1517 sibi
781 1487 901 1518 videtur
921 1487 1089 1527 (Danziger
1108 1487 1475 1527 Gymnasial-Programm
1489 1487 1580 1528 1858)
1592 1487 1625 1527 ¹).
1659 1488 1720 1518 Alii
1738 1492 1840 1520 antem

145 1535 235 1574 eique
255 1535 363 1567 summi
384 1535 441 1567 viri
461 1538 576 1566 certum
595 1534 740 1566 iudicium
760 1544 820 1565 non
839 1534 985 1565 tulerunt:
1007 1534 1040 1566 G.
1060 1535 1163 1565 Prantl
1185 1534 1298 1574 (Ueber
1319 1534 1369 1564 die
1390 1533 1522 1565 dianoet.
1543 1533 1712 1574 Tugenden
1731 1535 1764 1567 in
1782 1535 1838 1567 der

145 1582 319 1614 Nicomach.
340 1581 435 1613 Ethik
455 1582 510 1613 des
531 1582 711 1614 Aristoteles
733 1582 809 1613 1852
829 1591 881 1621 pg.
902 1582 934 1621 6)
965 1582 1041 1613 nihil
1067 1581 1152 1612 aliud
1182 1581 1258 1612 dixit
1289 1581 1426 1620 quamvis
1458 1581 1619 1621 diligenter
1641 1582 1841 1621 inquireretur

144 1630 272 1662 inveniri
291 1638 384 1670 posse
403 1629 463 1661 nisi
482 1629 576 1670 locos,
598 1629 705 1669 quibus
726 1628 756 1660 in
776 1628 986 1660 Nicomacheis
1008 1628 1047 1659 de
1066 1629 1224 1668 voluptate
1244 1633 1395 1669 ageretur,
1417 1638 1486 1659 esse
1507 1629 1713 1670 conturbatos3
1734 1630 1789 1662 Oh.
1802 1632 1838 1662 Δ.

145 1677 275 1709 Brandis
295 1678 327 1708 in
347 1678 471 1717 egregio
490 1678 544 1708 illo
564 1677 604 1707 de
624 1677 797 1708 Aristotelis
817 1676 1014 1716 philosophia
1033 1676 1110 1707 libro
1136 1676 1261 1716 (Gesch.
1284 1676 1339 1707 der
1358 1676 1563 1716 gdech-rom.
1584 1676 1782 1718 Philosophia
1802 1679 1840 1719 Π,

144 1727 164 1757 2
185 1725 290 1766 (1857)
310 1734 361 1765 pg.
384 1724 462 1755 1510
481 1724 539 1764 sq.)
561 1724 600 1754 de
622 1724 741 1754 duabus
760 1724 821 1753 illis
842 1724 1000 1754 sententiis
1021 1733 1042 1753 a
1060 1724 1224 1762 Spengelio
1245 1724 1425 1763 propositis,
1456 1733 1582 1762 quarm
1606 1727 1734 1763 utraque
1757 1730 1841 1757 reeta

144 1772 216 1811 quin
235 1781 306 1803 esse
325 1772 425 1812 possit
445 1771 576 1802 dubitari
595 1774 735 1810 nequeat,
756 1770 832 1801 nihil
851 1770 927 1801 certi
945 1769 1046 1800 dicere
1067 1770 1174 1810 audet3
1214 1774 1368 1811 postremo
1393 1770 1450 1802 Ed„
1474 1771 1574 1802 Zeller
1593 1771 1625 1802 in
1644 1772 1841 1804 celeberrimo

144 1819 196 1850 illo
215 1819 293 1850 libro
313 1819 525 1860 (Philosophie
546 1818 601 1849 der
621 1817 779 1858 Griechen,
798 1820 818 1850 2
838 1818 873 1848 A.
895 1818 931 1848 V.
952 1818 989 1855 H,
1010 1819 1029 1849 2
1049 1827 1100 1857 pg.
1123 1818 1161 1848 73
1180 1819 1281 1858 Anm.)
1304 1819 1512 1856 quaestionem
1538 1828 1558 1849 a
1578 1828 1636 1857 quo
1656 1818 1841 1851 Nicomvn

144 1875 169 1897 c.
191 1866 308 1898 12—15
327 1866 500 1905 conscripta
520 1865 581 1896 sint
605 1864 739 1895 nondum
763 1865 839 1895 satis
864 1873 935 1894 esse
961 1863 1091 1895 solutam
1111 1865 1234 1895 iudicat.
1276 1865 1481 1901 Quamobrem
1499 1875 1561 1896 non
1580 1874 1840 1905 supervacaneum

143 1912 218 1945 mihi
247 1912 377 1945 videtur
397 1921 468 1944 esse
497 1921 562 1944 rem
586 1911 686 1943 denuo
716 1914 849 1942 tractare
879 1915 910 1942 et
940 1911 1049 1950 quibus
1073 1912 1177 1943 variae
1207 1912 1279 1943 illae
1311 1912 1478 1943 sententiae
1498 1912 1631 1943 nitantur
1653 1914 1841 1952 argumentis

143 1969 311 1993 recensere.

285 2008 331 2039 Ac
350 2008 481 2048 primum
500 2007 622 2046 quidem
647 2007 698 2038 Fr.
719 2006 990 2038 Schleiermacheri
1019 2007 1076 2038 viri
1107 2007 1301 2047 sagacissimi
1322 2008 1487 2039 auctoritas
1518 2017 1579 2038 non
1607 2011 1726 2039 tantum
1749 2009 1841 2049 valet,

143 2059 177 2088 ut
196 2056 256 2088 hac
275 2056 308 2088 in
326 2064 360 2087 re
381 2055 410 2087 ei
429 2054 641 2086 assentiamur.
682 2054 771 2085 Illum
791 2054 871 2085 enim
901 2053 940 2084 de
971 2054 1079 2085 ethicis
1108 2055 1159 2093 qui
1179 2054 1235 2085 sub
1259 2055 1432 2085 Aristotelis
1452 2055 1571 2086 nomine
1591 2055 1727 2086 feruntur
1746 2056 1840 2096 libris,

143 2112 212 2135 cum
231 2103 345 2143 Magna
364 2112 442 2142 quae
463 2102 604 2134 dicuntur
622 2102 750 2133 Moralia
769 2111 831 2133 una
850 2102 889 2132 ab
910 2102 978 2141 ipso
998 2102 1163 2133 Aristotele
1176 2102 1323 2141 profecta,
1345 2105 1408 2133 tum
1428 2101 1578 2133 Eudemia
1597 2102 1764 2134 secundum
1777 2103 1840 2143 illa,

286 2215 304 2246 ¹)
322 2215 360 2240 cf.
376 2216 514 2240 Eustrat.
538 2215 571 2239 ad
586 2215 639 2240 Nic.
656 2215 680 2239 X
696 2215 729 2238 in.
746 2214 788 2239 fol.
808 2215 869 2238 164⁵
882 2233 887 2238 .
920 2214 1034 2239 Victor.
1058 2214 1091 2238 ad
1107 2214 1159 2238 Nic.
1176 2214 1201 2238 X
1221 2215 1254 2238 in.
1272 2213 1380 2238 stulu:
1401 2213 1490 2238 Jahn’s
1508 2214 1614 2239 Jahrbb.
1633 2214 1663 2238 V.
1679 2214 1740 2239 XIV
1756 2214 1842 2245 (18³4)

148 2263 189 2288 pg.
207 2256 261 2281 409.
275 2268 302 2273 —
324 2256 364 2279 W.
381 2256 410 2279 E.
427 2256 445 2280 J
449 2255 495 2280 elf
507 2256 652 2280 Aristoteles
667 2255 753 2280 Ethies
768 2254 828 2278 with
843 2256 925 2284 notes,
946 2254 1042 2278 Oxford
1059 2254 1108 2278 and
1125 2254 1230 2278 London
1248 2255 1317 2283 1356,
1335 2262 1376 2285 pg.
1395 2255 1440 2278 176
1459 2253 1502 2284 (ad
1517 2255 1533 2279 l.
1550 2255 1599 2279 vn
1616 2262 1635 2278 c.
1656 2254 1695 2285 11)
1711 2257 1770 2279 note
1789 2257 1842 2279 116.
