2047 2513
916 95 1093 126 „7-

157 183 265 216 Niehts
284 193 326 216 zu
341 183 512 216 entdecken
530 192 673 224 vermag,
703 192 770 214 was
790 183 846 214 der
864 183 1100 223 Auschauungs-
1120 182 1184 215 und
1202 182 1515 222 Darstellimgsweise
1538 182 1596 213 des
1615 186 1752 214 ersten-en
1770 181 1855 213 nicht

158 230 362 263 vollkommen
380 230 577 271 entspriche,
607 230 754 262 vermisse
779 230 830 261 ich
861 231 893 262 in
921 230 1015 261 ihnen
1040 230 1092 260 die
1117 229 1466 268 Eigenthflmlichkeiten
1489 229 1546 260 des
1564 230 1719 261 letztercn.
1759 229 1855 260 Diese

157 277 276 310 Bucher
295 277 469 311 behandeln
487 277 588 317 gleich
608 277 669 309 den
687 277 816 317 ubrigen
835 277 890 309 der
909 276 1089 308 Nikomach.
1111 276 1205 308 Ethik
1225 276 1291 308 ihre
1312 275 1528 316 Gegenstsncle
1548 277 1579 308 in
1598 286 1724 316 grosser
1743 277 1854 317 Stetig—

157 325 225 357 keit
243 324 306 358 und
325 325 368 358 im
387 325 498 356 Geiste
513 324 568 356 der
587 324 883 365 Ursprunglichkeit,
902 324 961 355 wie
983 324 1075 354 sich's
1093 323 1198 355 weder
1217 324 1249 355 in
1270 323 1331 355 den
1351 323 1417 354 drei
1438 326 1540 354 ersten
1553 323 1701 363 Buchern,
1722 324 1802 355 noch
1822 324 1854 356 in

159 371 228 403 dem
247 372 360 405 letzten
379 371 482 403 Buche
503 371 558 403 des
578 371 734 404 Eudemus
754 371 874 404 findet⁴⁴
916 381 968 411 pg.
990 371 1063 403 1511
1085 371 1188 406 Anm:
1224 371 1292 411 „die
1314 371 1379 403 drei
1399 371 1625 410 gemeinsamen
1646 370 1765 402 Bucher
1784 370 1854 403 dem

158 418 312 450 Eudemus
331 418 520 459 beizulegen,
541 418 661 450 scheint
685 419 743 449 mir
771 418 924 449 dnrchaus
944 418 1027 449 nicht
1051 417 1157 449 Grund
1177 418 1362 449 vorhanden
1365 419 1379 436 ⁶¹
1392 419 1415 457 ¹)
1454 418 1554 456 Atque
1573 417 1651 448 haec
1671 417 1794 457 quidem
1814 418 1854 449 de

158 465 209 498 lib.
229 465 273 498 VI
292 469 324 498 et
342 466 399 498 VH
418 467 577 505 c.1—-113
606 466 668 498 iam
688 475 760 498 vero
780 465 822 496 ad
843 468 1008 497 extremam
1033 465 1103 497 libri
1129 465 1250 505 septimi
1270 468 1388 505 partem
1409 465 1448 505 (c.
1471 464 1602 503 12-15)
1621 465 1842 506 propiusaoee

159 513 276 553 damus,
297 514 336 545 de
356 523 416 554 qua
435 514 480 545 illi
499 514 565 554 viri,
585 518 619 545 ut
639 521 733 554 supra
752 523 804 553 pg.
825 515 842 544 1
863 513 1107 552 commemoravi,
1127 522 1188 543 non
1208 513 1336 544 eandem
1357 513 1535 544 sententiam
1557 511 1705 544 dixerunt.
1745 514 1786 545 Et
1805 513 1853 545 his

159 560 198 592 de
218 561 369 601 capitibus
396 561 560 601 praecipue
585 564 691 592 contra
716 560 917 592 Fritzschinm
941 560 1158 600 disputandum
1183 560 1271 590 nobis
1297 564 1358 599 est,
1389 560 1502 600 quippe
1529 560 1581 598 qui
1605 559 1697 599 longe
1723 561 1854 600 plurima

159 608 357 649 congesserit,
377 609 485 648 quibus
505 608 708 640 abiudieanda
728 617 767 638 ea
786 617 857 638 esse
878 608 917 639 ab
936 608 1100 639 Aristotele
1119 607 1317 646 Eudemoque
1338 607 1530 638 attribuenda
1549 606 1780 639 demonstraret.

298 655 486 688 Fritzschius
506 656 538 687 in
557 655 781 696 prolegomenis
801 664 853 694 pg.
874 655 982 686 XXIX
1002 656 1139 695 exponit,
1169 664 1249 694 quae
1274 655 1351 686 ratio
1377 655 1454 685 inter
1475 655 1646 685 Aristotelis
1669 658 1700 685 et
1724 655 1853 688 Eudemi

158 702 259 733 ethica
279 702 459 734 intercedat:
489 702 626 734 Eudemo
646 702 837 742 propositum
856 702 952 733 fuisse
977 702 1050 734 dicit
1074 703 1220 733 moralem
1244 702 1418 733 Aristotelis
1446 701 1613 732 doctrinam
1633 701 1733 733 denuo
1754 704 1851 743 expli-

159 758 229 781 care
249 752 281 780 et
299 749 493 790 explanatius
513 750 697 788 uberiusque
717 759 878 790 exponere,
899 750 1010 790 partim
1030 759 1050 780 a
1063 749 1302 780 dubitationibus
1323 748 1504 787 quibusdam
1518 748 1762 780 adversariorum
1781 750 1854 781 libe—

158 805 240 835 rare,
260 796 371 836 partim
391 797 581 828 conformare
600 800 631 827 et
651 797 801 836 corrigere
821 806 918 835 eaque
939 806 1032 836 opera
1057 796 1182 827 scholae
1202 796 1425 835 Peripateticae
1446 796 1658 827 auctoritatem
1677 797 1854 829 confirmare

159 845 190 873 et
215 843 360 874 stabilire.
400 844 508 882 Itaque
535 852 683 874 summam
710 843 864 875 doctrinae
889 843 1044 874 Eudemiis
1076 844 1235 883 expositae
1259 843 1290 874 in
1315 843 1488 874 universum
1518 842 1647 873 eandem
1677 852 1747 873 esse
1774 853 1854 882 quae

159 889 334 922 Ethieorum
353 890 637 930 Nieomaeheorum,
668 890 797 922 eandem
827 891 1057 931 dispositionem
1086 895 1186 921 rerum
1215 893 1247 921 et
1276 890 1358 921 viam
1388 899 1425 921 ac
1454 890 1602 921 rationem
1632 891 1853 932 quaestionum,

160 937 307 976 quasdem
337 937 502 968 sententias
532 938 630 977 ipsius
650 938 822 969 Aristotelis
842 938 942 969 verbis
962 938 1124 977 repetitas3
1158 937 1240 976 quod
1265 938 1438 977 Simplicius
1459 937 1499 968 de
1523 937 1664 977 Physicis
1694 938 1851 970 Eudemiis

159 991 280 1031 scribat,
304 1002 373 1024 cum
393 991 561 1024 Eudemum
580 988 813 1034 παραφράζειν
836 988 878 1021 τὰ
901 989 961 1021 τοῦ
988 985 1242 1033 Ἀριστοτέλους
1262 992 1345 1024 dicat
1365 992 1415 1032 (cf.
1430 991 1568 1023 Brandis.
1588 992 1641 1032 ΠΙ,
1662 1002 1713 1033 pg.
1728 994 1795 1034 218,
1810 995 1854 1037 8),

160 1039 240 1081 idem
261 1039 301 1070 de
320 1040 423 1071 multis
443 1039 618 1070 Ethieorum
638 1041 714 1071 locis
735 1041 795 1071 diei
815 1050 922 1080 posse;
953 1044 987 1072 ut
1010 1041 1042 1071 in
1066 1040 1206 1080 Physicis
1231 1041 1293 1071 alia
1316 1041 1490 1071 Aristotelis
1517 1040 1635 1079 placita
1654 1041 1746 1072 altius
1766 1051 1853 1082 repe—

159 1086 248 1126 tierit,
270 1086 332 1118 alia
351 1087 522 1119 accuratius
543 1086 704 1127 definierit,
735 1087 779 1119 ita
798 1088 829 1119 in
849 1087 965 1118 Ethieis
993 1086 1163 1118 Eudemum
1189 1087 1252 1118 alia
1274 1096 1307 1118 re
1333 1087 1425 1121 altius
1450 1087 1583 1127 repetita
1607 1088 1779 1119 accuratius
1799 1088 1852 1120 de-

159 1134 271 1173 finisse,
292 1134 355 1165 alia
374 1135 461 1166 novis
481 1135 665 1173 argumentis
686 1135 777 1166 modo
798 1135 1030 1174 simplicioribus
1049 1134 1141 1165 modo
1163 1135 1368 1166 subtilioribus
1387 1134 1592 1172 confirmasse,
1614 1134 1654 1165 de
1674 1135 1752 1175 aliis,
1774 1146 1853 1175 quac

160 1180 235 1210 satis
256 1180 417 1211 enucleata
434 1181 465 1211 in
478 1181 688 1211 Nicomacheis
703 1185 815 1220 essent,
829 1182 961 1212 breviter
975 1185 1006 1211 et
1020 1182 1191 1211 summatim
1205 1182 1410 1220 praecepisse,
1431 1182 1494 1211 alia
1507 1190 1586 1218 quae
1599 1190 1659 1211 non
1673 1183 1749 1212 satis
1769 1187 1852 1213 recte

159 1236 215 1260 nec
236 1227 312 1260 satis
333 1232 473 1260 accurate
493 1228 555 1260 illic
576 1228 660 1261 dicta
679 1228 861 1270 viderentur,
881 1227 1086 1260 conformasse
1106 1231 1198 1268 atque
1212 1228 1397 1269 correxisse3
1417 1227 1495 1259 hanc
1514 1230 1616 1259 autem
1636 1229 1853 1262 correctionem

158 1277 203 1306 ita
222 1285 292 1306 esse
312 1280 528 1315 comparatam,
548 1280 582 1307 ut
601 1277 699 1315 gradu
712 1277 811 1315 magis
826 1287 916 1315 quam
936 1286 968 1307 re
989 1277 1028 1307 ab
1047 1277 1220 1307 Aristotelis
1241 1277 1364 1315 placitis
1385 1286 1453 1307 eam
1473 1276 1595 1307 differre
1615 1278 1850 1310 existimandum

159 1321 207 1353 sit.
249 1322 336 1360 Quae
355 1325 437 1353 recte
457 1330 527 1353 esse
547 1323 687 1363 exposita
707 1333 775 1354 cum
794 1323 939 1363 Spengeli
960 1323 1024 1363 (pg.
1038 1323 1220 1363 507—509),
1244 1322 1386 1353 Brandisi
1405 1323 1598 1362 (Aristoteles
1616 1333 1667 1362 pg.
1689 1325 1766 1354 1558
1785 1334 1851 1364 sqq.

158 1371 202 1401 m
221 1380 272 1410 pg.
292 1371 353 1403 240
372 1379 436 1409 sqq.
457 1370 524 1402 coll.
545 1381 596 1411 pg.
617 1371 785 1411 217—240)
806 1371 916 1402 Zelleri
937 1370 1147 1411 (Philosophie
1172 1370 1227 1402 der
1251 1370 1400 1402 Griechen
1420 1371 1461 1410 H,
1491 1370 1511 1401 2
1531 1379 1582 1411 pg.
1602 1371 1662 1402 698
1682 1373 1762 1411 sqq.)
1782 1382 1853 1405 con-

160 1426 252 1448 sensu
273 1418 464 1448 confirmatur
472 1419 507 1459 ²),
537 1422 601 1449 tum
621 1419 758 1457 quisquis
779 1418 932 1448 Eudemia
956 1418 1118 1457 diligenter
1142 1419 1306 1457 perlegerit
1330 1418 1522 1448 Aristoteleis
1549 1420 1735 1457 comparatis
1760 1419 1852 1451 facile

159 1467 331 1504 cognoscet.
372 1464 441 1496 Jam
460 1473 533 1496 vero
554 1465 715 1504 quaeritur,
735 1474 807 1496 num
827 1464 903 1495 haec
922 1464 954 1496 in
974 1468 1116 1504 quattuor
1139 1468 1273 1495 extrema
1293 1465 1357 1495 Nic.
1373 1464 1430 1495 vn
1448 1465 1551 1504 capita
1571 1465 1728 1503 quadrent.
1759 1467 1851 1506 Eqm-

160 1511 229 1543 dem
248 1522 309 1544 non
322 1512 473 1552 quadrare
493 1512 633 1544 existimo
647 1516 739 1552 atque
761 1522 800 1544 ea
819 1516 1006 1553 argumenta,
1028 1512 1137 1552 quibus
1152 1512 1338 1544 Fritzschius
1352 1512 1464 1552 nititur,
1484 1512 1560 1544 nihil
1573 1513 1676 1545 valere
1690 1514 1852 1547 contendo.

159 1559 237 1591 Nam
257 1559 348 1600 quod⁷
373 1564 406 1592 ut
432 1560 617 1592 demonstret
640 1561 808 1592 locutiones
829 1560 953 1592 easdem
973 1571 1034 1592 una
1053 1570 1121 1592 cum
1141 1561 1231 1592 rebus
1252 1560 1377 1600 eisdem,
1399 1570 1475 1599 quas
1495 1561 1526 1592 in
1546 1561 1616 1592 aliis
1636 1561 1850 1594 Eudemiorum

158 1614 243 1646 libris
255 1614 395 1657 legimus,
415 1616 525 1657 redire,
546 1625 585 1647 ea
597 1616 690 1648 verba
704 1616 800 1655 affert,
822 1625 901 1655 quae
920 1615 952 1647 in
971 1616 1074 1656 capite
1095 1616 1133 1647 14
1152 1626 1203 1656 pg.
1229 1617 1328 1647 115312
1339 1617 1377 1647 14
1389 1619 1524 1648 exstant:
1545 1610 1601 1645 διὰ
1621 1613 1719 1646 τοῦτο
1733 1614 1853 1652 πάντες

159 1665 217 1697 τὸν
236 1662 422 1709 εὗδαᾲιονα
435 1665 518 1711 ἡδύν
532 1666 663 1700 οἴονται
681 1667 760 1709 βίον
774 1664 863 1699 εἶναι
875 1669 933 1699 καὶ
951 1664 1154 1709 ἐμπλέκουσι
1171 1667 1232 1710 τὴν
1246 1664 1371 1710 ἡδονὴν
1388 1666 1436 1704 εἰς
1453 1664 1672 1710 εὐδαιμονίαν
1690 1665 1853 1712 εὐλόγως,

159 1729 190 1756 et
215 1725 286 1757 inde
307 1726 389 1765 quod
422 1727 499 1760 Eud.
518 1728 549 1758 1.
579 1727 600 1758 5
629 1736 680 1767 pg.
703 1727 849 1759 1216235
878 1727 955 1758 haec
984 1727 1127 1768 legimus:
1162 1720 1272 1767 ἕτεραι
1300 1721 1414 1755 δἐἶσὶν
1433 1720 1555 1767 ἡδοναὶ
1574 1721 1611 1756 δι’
1627 1721 1668 1761 ἃς
1698 1720 1851 1767 εὐλόγως

301 1846 319 1878 ¹)
336 1847 453 1872 snnffioer
468 1847 526 1872 olim
543 1848 573 1872 L.
591 1848 698 1879 Spengel
714 1848 741 1871 in
756 1848 959 1872 commentatione
976 1856 1017 1880 μς.
1034 1848 1092 1872 468:
1119 1848 1245 1880 „Sprache
1261 1848 1313 1873 und
1329 1849 1489 1880 Ausfdhrung
1512 1849 1539 1873 in
1559 1849 1643 1874 diesen
1665 1849 1717 1873 drei
1736 1850 1850 1875 Biichem

158 1887 273 1911 scheinen
288 1895 335 1912 uns
351 1887 408 1911 seht
425 1887 606 1917 Aristoteflsch,
632 1888 710 1919 vonig
726 1888 958 1912 iibereinstimmend
973 1889 1018 1911 mit
1034 1888 1089 1912 dem
1104 1888 1222 1919 iibrigen,
1247 1896 1299 1912 was
1321 1889 1360 1912 die
1380 1889 1558 1913 Nikomachien
1573 1890 1676 1921 geben.“
1708 1898 1731 1921 p.
1749 1891 1797 1914 483
1814 1898 1850 1922 sq.

158 1925 256 1955 „Soviel
272 1926 380 1958 glauben
396 1927 442 1950 wir
459 1927 503 1950 mit
518 1927 734 1951 Entschiedenheit
749 1927 888 1958 behnnpten
904 1936 935 1951 zu
952 1928 1062 1955 konnen,
1086 1928 1143 1951 dass
1164 1928 1204 1951 die
1225 1929 1277 1951 drei
1299 1929 1396 1952 Biieher
1416 1936 1479 1960 ganz
1501 1929 1545 1952 der
1566 1929 1774 1953 Aristotelischen
1788 1931 1851 1954 Vor-

158 1966 265 1998 stellung
281 1967 306 1990 in
322 1967 395 1991 Wort
409 1965 461 1990 und
478 1966 616 1990 Gedanken
631 1966 793 1998 entspreehen
807 1967 860 1990 und
876 1967 955 1991 nichts
973 1966 1187 1990 Tadelnswerthes
1205 1975 1237 1991 sn
1253 1968 1326 1991 ihnen
1343 1972 1502 1992 auszusetzen
1518 1968 1573 1992 ist.“
1589 1976 1612 2000 p.
1629 1969 1692 1992 499:
1709 1969 1851 1994 Betrachtet

157 2013 215 2030 mm
230 2006 271 2030 die
286 2006 467 2031 Nikomsehion
483 2007 517 2030 im
532 2006 766 2038 Zusammenhange,
783 2015 811 2030 so
827 2008 927 2031 miissen
942 2008 988 2031 wir
1003 2007 1067 2031 nach
1082 2007 1242 2038 sorgfslfiger
1260 2007 1373 2038 Prfifung
1389 2008 1429 2031 die
1445 2008 1497 2032 drei
1508 2008 1605 2032 Biicher
1621 2008 1665 2032 der
1675 2008 1786 2040 Spraehe
1802 2011 1849 2034 wie

158 2045 213 2069 dem
233 2045 330 2070 Inhalte
344 2046 410 2070 nach
425 2046 463 2070 als
479 2046 563 2070 diesen
578 2047 650 2077 eigen
664 2046 716 2069 und
732 2046 789 2070 seht
804 2046 974 2070 Aristotelisch
990 2046 1129 2070 erkliiren.“

298 2084 318 2116 ¹)
334 2086 440 2111 Brandis
455 2085 494 2110 111
510 2094 533 2118 p.
551 2087 612 2110 240:
637 2085 688 2116 „So
705 2085 771 2110 stent
787 2086 839 2110 sich
855 2086 920 2110 deun
936 2086 1060 2110 Eudemus
1081 2087 1106 2120 in
1126 2087 1206 2111 seiner
1221 2086 1316 2118 Physik
1333 2087 1370 2111 als
1392 2087 1431 2111 ein
1447 2086 1495 2110 den
1512 2087 1650 2112 Gedanken
1675 2087 1718 2112 des
1734 2088 1847 2114 Meintm

158 2127 202 2150 mit
216 2126 328 2158 Sorgfdt
341 2126 394 2151 und
411 2127 583 2151 Vemnnduiu
597 2126 805 2156 monumnenden
833 2127 894 2151 aber
913 2135 962 2151 nur
981 2127 1006 2151 in
1028 2126 1225 2158 Nebenpnnkten
1245 2127 1297 2151 und
1316 2128 1417 2159 zaghast
1437 2135 1487 2152 von
1507 2128 1580 2152 ihnen
1601 2128 1654 2152 sich
1675 2129 1848 2154 entsemender

158 2166 261 2190 Schiiler
278 2166 331 2190 dar.
362 2167 412 2190 Ein
429 2167 553 2190 ithnliches
569 2166 626 2190 Bild
641 2167 753 2197 gewahrt
768 2175 815 2190 uns
830 2175 880 2190 von
896 2167 945 2190 ihm
962 2167 1001 2190 die
1017 2166 1118 2190 Ethik.“

297 2205 378 2231 Zeller
393 2206 419 2230 11.
436 2214 477 2238 93,
495 2207 554 2230 ⁷09:
571 2206 623 2236 „Im
640 2206 766 2238 Uebrigen
781 2206 962 2231 unterscheidet
977 2206 1030 2230 sich
1047 2206 1086 2230 die
1103 2206 1205 2230 Eudem.
1223 2206 1309 2237 Ethik,
1333 2207 1420 2230 soweit
1434 2207 1470 2231 sie
1486 2215 1532 2231 uns
1549 2207 1660 2231 erhalten
1676 2208 1718 2237 ist,
1738 2216 1789 2232 von
1806 2208 1849 2232 der

157 2246 370 2276 Aristotelischen,
388 2247 487 2271 ahnlieh
502 2247 549 2270 wis
565 2247 605 2270 dic
620 2246 726 2277 Physik,
743 2255 790 2270 nur
806 2247 883 2271 durch
899 2247 1007 2271 einaelne
1023 2246 1222 2278 Umstellungen,
1239 2247 1443 2277 Erlauterungen,
1461 2247 1669 2280 Verkiirzungem
1690 2248 1768 2272 durch
1783 2249 1851 2273 Aen-

157 2286 282 2317 derungen
299 2286 342 2310 des
359 2286 502 2310 Ausdrucks
518 2287 570 2310 und
586 2287 629 2310 der
645 2287 784 2318 Fassung.“
