2047 2513
927 99 1103 130 -8-

159 185 290 219 οἴονται
319 187 379 219 τὸν
408 184 596 230 εὐδαίμονα
618 188 676 231 ζῆν
701 185 821 232 ἡδέως,
861 193 990 224 Eudemi
1009 193 1065 224 ina
1085 194 1178 225 verba
1197 202 1268 224 esse
1287 193 1425 233 intellegi
1444 196 1534 233 pum
1560 193 1631 233 ως·
1648 193 1722 233 189,
1737 193 1875 235 14-15ρ

160 239 228 270 coll.
250 249 302 279 pg.
324 240 372 278 12,
392 239 455 280 37),
477 242 560 271 certe
580 239 665 272 haud
685 239 842 281 probabile
857 243 912 272 est.
924 241 946 282 Ι)
986 241 1063 272 Item
1074 240 1186 272 falsum
1200 243 1257 280 est,
1272 240 1354 280 quod
1366 239 1526 272 Fritzsehe
1538 239 1620 281 dicit,
1633 240 1729 272 verbu.
1740 241 1862 280 ‹lu-Mn

157 294 266 326 eodem
293 295 395 335 capite
421 296 461 326 14
485 305 537 336 pg.
566 296 714 327 1153h32
747 296 901 336 leguntur:
935 292 1044 324 πάντα
1063 292 1131 338 γὰρ
1157 292 1255 334 φύσει
1281 289 1348 335 ἔχει
1367 302 1399 324 v
1417 288 1530 334 θεῖον,
1561 295 1683 329 collatis
1711 291 1757 328 eis
1784 291 1872 336 quae

156 350 234 382 Eud.
249 351 273 391 I,
294 350 312 380 7
332 360 384 391 pg.
405 350 481 383 1217
491 351 553 383 “27
574 360 633 391 sq.:
658 346 728 380 τῶν
747 344 857 380 ὄντων
877 344 984 380 οὐθὲν
1005 345 1024 380 ὃ
1042 347 1093 391 μὴ
1113 347 1201 380 κατὰ
1219 347 1281 391 τὴν
1293 345 1488 390 ἐπωνυμίαν
1507 344 1544 379 ἐν
1563 347 1603 391 τῇ
1623 347 1721 390 φύσει
1729 342 1862 391 μετέχει

158 399 258 435 θείου
279 401 378 443 τινός,
400 410 431 438 et
450 407 529 439 Eud.
550 407 620 446 VH,
649 407 696 447 14,
716 416 746 447 p.
770 407 869 439 1248·
883 408 922 439 26
943 416 987 446 sq.
1008 407 1164 447 leguntur:
1185 401 1290 446 δῆλον
1315 401 1368 446 δή,
1389 398 1497 447 ὥςπερ
1526 400 1564 435 ἐν
1589 402 1638 448 τῷ
1666 399 1738 449 ὅλῳ
1751 397 1860 443 θεός,

155 458 214 488 καὶ
238 457 306 488 πᾶν
326 454 455 502 ἐκείνῳ.
475 458 561 490 κινεῖ
578 458 647 502 γάρ
667 468 739 494 πως
764 458 874 491 πάντα
894 459 932 490 τὸ
957 456 993 490 ἐν
1012 455 1096 502 ἡμῖν
1109 457 1222 498 θεῖον,
1252 461 1381 493 Eudemi
1401 470 1471 492 esse
1492 470 1651 502 apparere,
1672 462 1744 501 quin
1763 458 1870 494 totum'

155 508 266 540 librum
285 508 416 540 Eudemi
435 518 505 540 esse
526 509 683 546 declarare
703 510 747 550 (p.
769 511 835 550 191,
857 511 919 549 32).
954 510 1032 541 Nam
1051 510 1112 541 iam
1131 509 1265 550 Spengel
1285 509 1329 549 (p.
1348 508 1421 548 529)
1439 509 1559 548 attulit,
1591 518 1669 547 quae
1690 508 1774 549 apud
1794 509 1860 541 Ari-

156 563 297 595 stotelem
317 563 357 594 de
377 565 479 595 anima
498 565 536 603 11,
556 565 585 604 4,
616 574 645 604 p.
665 564 796 596 ωδε-29
816 565 958 604 legimus:
990 560 1078 605 ζῴον
1099 561 1167 603 μὲν
1186 560 1290 605 ζῴον,
1318 560 1425 601 φυτὸν
1451 557 1488 592 δὲ
1515 559 1632 601 φυτόν,
1651 559 1710 593 ἳνα
1728 559 1789 593 τοῦ
1808 556 1862 593 αέῐ

155 616 212 646 καὶ
233 614 293 647 τοῦ
313 613 414 646 θείου
431 617 619 657 μετέχωσιν
641 611 661 659 ᾗ
683 614 851 648 δύνανται.
884 619 1007 650 Rectius
1019 619 1141 658 quidem
1154 622 1210 658 est,
1231 618 1313 658 quod
1327 619 1484 650 Fritzsche
1497 620 1635 659 prolegg.
1650 629 1681 659 p.
1695 619 1859 650 XXXVIII

154 677 254 713 notat,
287 674 432 705 orationis
459 673 612 713 quandam
638 675 818 707 brevitatem
845 675 876 706 in
901 674 949 705 his
976 674 1128 714 capitibus
1150 674 1318 706 observari:
1349 677 1383 706 ut
1403 683 1428 707 c.
1451 675 1489 707 12
1509 684 1562 715 pg.
1584 674 1690 706 1152b
1703 675 1741 706 12
1769 666 1860 707 ὅλως

135 726 219 767 -.αἰ-ν
239 721 300 757 οὖν
321 721 384 757 οὒκ
397 721 539 767 offra-96²¹
565 731 665 770 suppl.
688 725 782 759 δοκεῖ
811 735 895 758 τισιν
919 723 939 768 ἡ
971 722 1087 769 ἡδονή.
1118 739 1170 770 pg,
1198 730 1423 762 11521215—23
1448 724 1495 758 ἔτι
1522 723 1541 758 ὁ
1567 726 1718 771 σώφρων
1743 725 1860 767 φεύγει

152 781 212 818 τὰς
232 777 370 824 ἡδονάς.
403 779 450 812 ἔτι
478 777 497 812 ὅ
523 781 692 825 φρόνιμος
717 782 756 814 τὸ
782 779 912 813 ἄλυπον
937 779 1066 820 διώκει,
1098 777 1138 813 οὗ
1163 781 1201 813 τὸ
1227 777 1299 824 ἡδύ.
1326 779 1373 814 ἔτι
1400 779 1563 824 ἐμπόδιον
1589 781 1638 826 τῷ
1663 781 1803 824 φρονεῖν
1823 778 1860 812 αἱ

154 833 292 879 ἡδοναί.
307 834 354 868 ἔτι
374 839 470 879 τέχνη
493 832 634 879 οὐδεμία
658 834 796 880 ἡδονῆς.
812 835 858 869 ἔτι
878 835 994 869 παιδία
1013 838 1071 868 καὶ
1095 835 1204 880 θηρία
1225 835 1338 869 διώκει
1358 837 1416 874 τὰς
1437 834 1562 881 ἡδονάς
1587 855 1634 861 -
1665 840 1750 872 varia
1771 849 1859 880 argu-

153 900 265 934 menta,
286 905 324 927 ex
345 896 454 934 quibus
468 897 614 936 colligant
634 897 822 936 voluptatem
841 906 901 928 non
920 906 989 927 esse
1003 896 1123 935 bonum,
1145 895 1181 927 cf.
1203 907 1227 927 c.
1250 897 1288 928 13
1308 906 1359 937 pg.
1382 897 1510 928 1153·6
1533 890 1607 930 “391¹
1633 889 1703 925 οὔδ’
1728 888 1858 935 ἡδοναί·

153 960 178 982 c.
201 952 248 990 14,
268 961 298 990 p.
321 951 449 982 1154·5
469 946 560 991 εἴπερ
571 945 655 989 μηδ’
671 944 785 990 ἡδονὴ.
807 952 861 991 al.,
882 961 980 990 neque
1001 956 1102 983 tamen
1122 951 1193 982 inde
1214 952 1327 991 elucet,
1353 952 1391 983 ab
1413 952 1550 983 Eudemo
1572 952 1625 983 illa
1646 951 1759 991 scripta
1779 959 1858 989 esse,

152 998 294 1037 quoniam
315 998 444 1029 eandem
463 998 642 1029 brevitatem
663 998 693 1029 in
713 999 925 1030 Nicomacheis
947 1008 1065 1037 quoque
1086 998 1212 1029 inveniri
1233 999 1388 1029 Fritzsche
1408 1000 1476 1039 ipse
1496 999 1644 1037 agnoscit.

296 1045 386 1082 Quod
407 1055 431 1076 c.
454 1046 492 1076 15
512 1055 563 1085 pg.
586 1045 733 1076 11541228
755 1050 786 1076 et
806 1045 883 1077 Eud.
905 1046 973 1085 VII,
1001 1047 1016 1076 1
1039 1055 1089 1085 pg.
1113 1046 1259 1077 1235·16
1280 1046 1374 1077 verba
1400 1045 1552 1085 quaedam
1576 1055 1615 1076 ex
1639 1045 1747 1076 Oreste
1768 1045 1852 1076 Euri-

154 1092 248 1133 pidea
279 1093 320 1132 (v.
346 1093 419 1134 234)
453 1093 549 1133 petita
575 1093 753 1132 afferuntur,
784 1102 844 1124 non
875 1093 1078 1132 demonstrat,
1109 1093 1141 1124 id
1175 1093 1256 1132 quod
1284 1093 1442 1125 Fritzscbe
1472 1103 1524 1134 pg.
1555 1093 1627 1124 XLI
1657 1091 1857 1124 demonstrari

151 1140 280 1178 iudicat,
312 1143 470 1179 utrumque
498 1140 598 1170 locum
624 1139 762 1170 Eudemo
789 1149 860 1170 esse
885 1140 1122 1178 attribuendum,
1154 1141 1296 1178 quoniam
1322 1140 1431 1172 eadem
1461 1141 1555 1172 verba
1579 1140 1666 1171 Rbet.
1687 1140 1715 1179 Ι,
1747 1141 1783 1169 11
1804 1148 1856 1178 pg.

154 1187 315 1226 1371228,
350 1187 428 1218 alios
449 1187 587 1218 eiusdem
612 1190 723 1226 poetae
743 1197 850 1218 versus
879 1187 1004 1226 saepius
1032 1187 1070 1218 ab
1095 1187 1258 1217 Aristotele
1283 1187 1394 1218 allatos
1414 1188 1581 1219 invenimus
1604 1187 1654 1228 (cf.
1675 1186 1815 1225 Nic-m,
1838 1187 1853 1216 1

152 1245 203 1274 pg.
227 1235 382 1266 luo-28.
424 1234 503 1273 VIII,
524 1235 543 1265 2
564 1244 593 1273 p.
626 1235 753 1267 1155122
781 1245 846 1273 sqq.
873 1235 926 1275 al.)
968 1234 1058 1272 Quod
1083 1235 1119 1273 si,
1140 1238 1174 1265 ut
1194 1234 1451 1266 demonstraretur
1478 1234 1600 1266 dicendi
1626 1232 1858 1272 disserendique

151 1290 263 1320 genere
284 1280 453 1311 Eudemum
481 1281 698 1320 philosophum
725 1282 832 1321 notari,
854 1282 929 1312 nihil
955 1282 1079 1320 gravius
1105 1282 1204 1320 potuit
1225 1281 1373 1321 exhiberi,
1404 1292 1464 1313 non
1484 1283 1603 1313 elucere
1629 1282 1662 1312 id
1688 1281 1770 1320 quod
1790 1290 1858 1321 pro-

151 1328 285 1360 bandum
306 1331 372 1358 erat
392 1327 602 1359 iudicabimus.
624 1347 663 1351 —
684 1329 747 1360 Nec
768 1329 868 1368 magis
889 1337 927 1359 ex
947 1329 991 1359 eis
1012 1329 1147 1368 capitum
1158 1334 1328 1359 nostrorum
1347 1329 1422 1360 locis
1437 1329 1545 1368 elucet,
1561 1329 1669 1367 quibus
1683 1327 1858 1365 Aristotelis

151 1375 320 1407 doctrinam
351 1376 473 1407 uberius
505 1376 758 1416 explanatiusque
790 1377 960 1416 expositam
990 1384 1061 1406 esse
1092 1375 1249 1406 Fritzsche
1275 1376 1437 1408 contendit.
1478 1376 1677 1408 Conferamus
1703 1375 1784 1406 enim
1805 1383 1859 1405 eos

151 1423 202 1454 lib.
224 1424 281 1454 VII
301 1426 331 1453 et
352 1423 383 1453 X
402 1423 496 1462 locos,
511 1423 619 1461 quibus
634 1424 718 1454 illam
733 1424 913 1454 sententiam
927 1423 981 1454 niti
995 1422 1113 1462 dicitur,
1135 1427 1168 1453 ut
1188 1432 1416 1463 cognoscamus,
1431 1424 1506 1455 utris
1521 1426 1606 1454 utros
1628 1423 1774 1454 illustrari
1793 1431 1859 1453 rec-

151 1471 212 1502 tius
233 1470 392 1502 iudicetur.
433 1472 477 1501 Ac
498 1470 628 1510 primum
648 1470 888 1510 disputationum
908 1470 1047 1510 exordia,
1079 1470 1187 1509 quibus
1216 1479 1270 1501 cur
1300 1470 1340 1501 de
1366 1469 1529 1511 voluptate
1554 1471 1586 1502 in
1615 1470 1724 1501 ethicis
1747 1469 1859 1501 disseri

152 1535 279 1557 necesse
301 1526 341 1556 sit
360 1526 516 1565 probatur,
537 1525 614 1556 haec
637 1530 718 1557 sunt:
739 1526 796 1557 VII
816 1535 842 1557 c.
859 1528 904 1566 12,
928 1526 1123 1557 1152121—7.
1164 1523 1250 1566 Περὶ
1271 1519 1306 1554 δὲ
1328 1518 1451 1565 ἡδονῆς
1470 1523 1527 1554 καὶ
1547 1521 1652 1564 λύπης
1666 1520 1859 1566 θεωρῆσαι,

151 1576 211 1608 τοῦ
230 1577 293 1618 τὴν
317 1576 489 1619 πολιτικὴν
515 1577 796 1617 φιλοσοφοῦντος·
826 1573 923 1613 οὗτος
948 1578 1015 1621 γὰρ
1042 1577 1102 1608 τοῦ
1128 1576 1244 1612 τέλους
1270 1573 1491 1620 ἀρχιτέκτων,
1522 1578 1607 1621 πρὸς
1633 1574 1652 1609 ὃ
1677 1576 1860 1619 βλέποντες

151 1629 294 1663 ἕκαστον
314 1631 352 1662 τὸ
369 1631 437 1673 μὲν
456 1631 574 1671 κακὸν,
594 1631 632 1663 τὸ
654 1629 683 1663 δ’
705 1628 845 1673 α’γαθόν
873 1628 988 1668 ἅπλῶς
1014 1631 1171 1674 λέγομεν.
1212 1629 1287 1663 Ἔτι
1315 1630 1351 1663 δὲ
1377 1633 1435 1664 καὶ
1467 1632 1536 1664 τῶν
1562 1629 1760 1674 ἀναγκαίων
1787 1628 1860 1663 ἐπι-

150 1684 353 1729 σκέψασθαι
379 1687 454 1729 περὶ
481 1682 603 1718 αὐτῶν·
630 1686 690 1729 τήν
716 1697 751 1718 τε
780 1687 847 1729 γὰρ
872 1683 995 1729 ἀρετὴν
1022 1688 1078 1718 καὶ
1104 1687 1165 1729 τὴν
1198 1689 1321 1718 κακίαν
1340 1687 1401 1730 τὴν
1421 1683 1547 1730 ἠθικὴν
1571 1688 1647 1731 περὶ
1670 1686 1778 1722 λύπας
1802 1688 1860 1718 καὶ

148 1738 275 1784 ἡδονὰς
287 1739 417 1782 ἔθεμεν
429 1742 487 1772 καὶ
498 1741 559 1783 τὴν
572 1738 790 1783 εὐδαιμονίαν
807 1739 840 1773 οῖ
854 1741 1003 1773 πλεῖστοι
1014 1737 1099 1784 μεθ’
1120 1738 1243 1783 ἡδονῆς
1263 1737 1354 1773 εἶναί
1372 1751 1485 1782 φασιν.
1523 1746 1562 1785 X,
1584 1747 1611 1785 1,
1635 1746 1780 1777 Ilm-19
1793 1754 1858 1784 sqq.

149 1796 249 1828 Μετὰ
270 1794 305 1828 δὲ
334 1794 440 1827 ταῦτα
467 1797 543 1839 περὶ
566 1792 689 1839 ἡδονῆς
710 1794 792 1832 ἴσως
819 1793 931 1827 ἕπεται
951 1794 1114 1827 διελθεῖν·
1141 1795 1294 1837 μάλιστα
1318 1797 1386 1841 γὰρ
1413 1795 1508 1828 δοκεῖ
1531 1794 1791 1840 συνῳκειῶσθαι
1810 1796 1859 1840 τῷ

149 1854 240 1893 γένει
259 1848 370 1894 ἡμῶν·
392 1849 445 1882 διὸ
465 1849 659 1884 παιδεύουσι
682 1852 760 1888 τοὺς
784 1854 880 1888 νέους
906 1848 1108 1888 οἶακίζοντες
1128 1848 1234 1895 ἡδονῇ
1253 1853 1311 1884 καὶ
1324 1851 1422 1895 λύπῃ·
1450 1850 1545 1884 δοκεῖ
1563 1849 1601 1884 δέ
1619 1852 1677 1884 καὶ
1695 1851 1780 1896 πρὸς
1799 1851 1859 1894 τὴν

148 1906 209 1939 τοῦ
229 1904 341 1950 ἤθους
361 1902 484 1951 ἀρετὴν
499 1909 662 1949 μέγιστον
690 1903 776 1939 εἶναι
795 1908 833 1938 τὸ
849 1909 983 1950 χαίρειν
1004 1903 1056 1943 οἷς
1076 1905 1128 1938 δεῖ
1151 1908 1208 1938 καὶ
1229 1907 1343 1949 μισεῖν
1369 1904 1393 1938 ἃ
1414 1905 1475 1939 δεῖ·
1497 1905 1649 1939 διατείνει
1668 1906 1735 1951 γὰρ
1756 1896 1859 1938 ταῦτα

150 1961 207 1996 διὰ
226 1962 351 1999 παντὸς
369 1962 429 1995 τοῦ
448 1961 545 2005 βίου,
576 1961 683 2009 ῥοπὴν
703 1960 824 2005 ἔχοντα
851 1963 908 1994 καὶ
934 1960 1077 2004 δύναμιν
1096 1962 1180 2006 πρὸς
1204 1958 1328 2008 ἀρετήν
1347 1972 1382 1994 τε
1401 1964 1459 1995 καὶ
1478 1963 1539 1995 τὸν
1562 1958 1749 2005 εύδαίμονα
1767 1960 1857 2004 βίον·

147 2018 190 2050 τὰ
207 2019 275 2059 μὲν
294 2018 363 2062 γὰρ
385 2015 469 2060 ἡδέα
488 2019 743 2063 προαιροῦνται,
764 2019 805 2050 τὰ
827 2017 863 2051 δὲ
884 2018 1018 2062 λυπηρὰ
1039 2018 1231 2060 φεύγουσιν.
1286 2023 1390 2055 Priore
1414 2024 1482 2055 loco
1503 2023 1706 2064 philosophus
1726 2022 1856 2054 formula

148 2077 281 2117 quadam
307 2086 418 2108 causas
442 2078 512 2110 illas
539 2079 690 2118 significat
728 2073 804 2118 (τὴν
841 2070 965 2119 α’ρετὴν
988 2069 1116 2117 ἠθικὴν
1144 2076 1228 2119 περὶ
1264 2074 1391 2112 λύπας
1425 2076 1488 2107 καὶ
1524 2071 1676 2118 ἡδονὰς
1712 2071 1858 2116 ἔθεμεν,

149 2134 187 2165 cf.
209 2134 310 2173 Magn.
332 2134 438 2165 Moral.
459 2135 497 2172 Π,
526 2135 557 2173 7,
582 2135 756 2175 1204·25),
777 2126 946 2174 posteriore
970 2137 1072 2165 autem
1093 2143 1139 2174 ea,
1161 2135 1269 2173 quibus
1289 2135 1481 2175 potissimum
1501 2134 1647 2175 placitum
1666 2133 1765 2167 illudz·
1782 2131 1857 2173 napi

291 2231 310 2261 ¹)
328 2231 479 2255 Sententiam
495 2230 600 2255 eandem
616 2230 685 2263 apud
701 2230 858 2255 Aristotelem
874 2231 1011 2255 invenimus
1032 2230 1084 2255 Nic.
1102 2230 1132 2259 X,
1156 2232 1164 2254 1
1185 2239 1208 2263 p.
1229 2231 1348 2255 1172123
1365 2238 1400 2263 sq.
1419 2239 1438 2255 c.
1457 2232 1471 2255 7
1488 2239 1528 2264 pg.
1550 2232 1669 2257 1177228
1703 2222 1856 2268 οἰόμεθα

148 2279 219 2312 δεῖν
240 2277 366 2324 ἡδονὴν
386 2280 652 2325 παραμεμῖχθαι
672 2281 712 2324 τῇ
733 2277 942 2324 εὐδαιμονίᾳ.
