2047 2513
918 100 1114 129 -10-

153 200 191 222 ex
215 192 281 224 Nic.
303 192 348 232 X,
373 193 406 231 2,
432 193 655 233 1173b7—20,
682 192 734 224 ubi
760 192 837 224 haec
864 193 1008 232 legimus:
1051 188 1190 230 λέγουσι
1220 184 1257 218 δὲ
1288 186 1349 229 τήν
1381 185 1450 228 μὲν
1480 185 1588 229 λύπην
1619 183 1751 232 ἔνδειαν
1781 183 1871 222 εἶναι

151 242 213 275 τοῦ
231 243 319 274 κατὰ
340 243 452 283 φύσιν,
473 244 534 286 τὴν
554 242 584 276 δ’
603 240 730 286 ἡδονὴν
750 240 1008 288 ἀναπλήρωσιν·
1028 243 1134 275 ταῦτα
1154 240 1190 274 δὲ
1212 240 1392 283 σωματικά
1413 238 1482 272 ἐστι
1496 241 1538 272 τὰ
1550 239 1667 284 πάθη·
1688 238 1722 273 εἰ
1740 239 1782 283 δή
1802 238 1871 274 ἐστι

151 296 212 328 τοῦ
227 296 314 328 κατὰ
331 297 432 338 φύσιν
445 294 687 343 ἄναπλήρωσις
701 295 721 341 ἥ
737 295 855 340 ἡδονή,
876 296 913 330 ἐν
927 294 957 342 ᾧ
979 295 998 340 ἦ
1020 294 1271 341 α’ναπλήρωσις,
1291 295 1382 327 τοῦτ’
1404 292 1448 327 ἂν
1466 296 1525 326 καὶ
1545 291 1661 338 ἥδοιτο
1678 305 1687 313 ·
1708 296 1747 327 τὸ
1768 296 1871 338 σῶμα

152 348 223 395 ἄρα
239 361 248 369 ·
271 348 312 383 οὗ
334 350 430 383 δοκεῖ
450 351 488 384 δέ
503 362 512 371 ·
535 349 597 384 οὐκ
617 351 706 384 ἔστιν
726 350 796 396 ἄρα
817 349 1057 395 άναπλήρωσις
1078 349 1098 394 ἢ
1120 349 1237 394 ἡδονή,
1272 346 1363 382 ἀλλὰ
1376 351 1558 392 γινομένης
1574 350 1643 391 μὲν
1662 346 1871 395 α’ναπληρώ-

153 414 251 445 σεως,
272 401 390 448 ἥδοιτο
412 404 457 437 ἄν
477 417 536 446 τις,
564 409 622 439 καὶ
641 406 846 449 κενούμενος
855 413 875 450 ¹)
897 406 1053 438 λυποῖτο·
1095 403 1115 448 ἢ
1138 404 1222 445 δόξα
1243 403 1274 436 δ’
1295 401 1380 447 αὕτη
1402 402 1497 435 δοκεῖ
1514 403 1726 446 γεγενῆσθαι
1746 402 1784 437 ἐκ
1802 405 1872 437 τῶν

152 462 230 504 περὶ
249 460 312 502 τὴν
333 461 465 505 τροφὴν
484 461 601 493 λυπῶν
620 463 678 493 καὶ
698 459 835 504 ἡδονῶν
851 471 859 480 ·
894 454 1016 497 ε’νδὶεῖς
1036 461 1105 505 γὰρ
1126 463 1328 503 γινομένους
1346 461 1404 491 καὶ
1420 457 1704 502 προλυπηθέντας
1724 455 1871 501 ἥδεσθαι

150 514 190 557 τῇ
212 511 464 559 ἀναπληρώσει.
511 516 617 547 Τοῦτο
640 514 671 547 δ’
694 512 736 548 οὐ
756 518 832 560 περὶ
852 517 963 552 πάσας
984 516 1162 558 συμβαίνει
1188 516 1248 552 τὰς
1272 512 1413 557 ἡδονάς·
1442 510 1566 545 ἄλυποι
1586 514 1654 557 γάρ
1675 511 1758 545 εἰσιν
1778 511 1820 546 αἵ
1837 525 1870 546 τε

148 567 406 611 μαθηματικαὶ,
426 571 484 601 καὶ
504 570 573 601 τῶν
592 570 680 602 κατὰ
700 570 760 606 τὰς
781 568 960 613 αἰσθήσεις
981 568 1016 602 αῖ
1045 570 1101 602 διὰ
1122 570 1179 613 τῆς
1199 566 1417 613 ὀσφρήσεως·
1451 569 1510 600 καὶ
1529 564 1735 612 α’κροάματα
1756 567 1792 600 δὲ
1812 571 1872 601 καὶ

152 620 314 667 ὁράματα
343 624 457 656 πολλὰ
477 625 534 656 καὶ
552 625 690 667 μνῆμαι
710 626 769 656 καὶ
789 622 935 661 ἐλπίδες·
976 628 1066 661 τίνος
1090 622 1151 657 οὖν
1172 621 1269 656 αὗται
1289 626 1435 666 γενέσεις
1456 621 1607 663 ἔσονταις
1635 619 1773 660 οὐδενός
1802 624 1870 668 γὰρ

151 676 264 709 ἔνδεια
284 681 475 720 γεγένηται,
497 675 538 710 οὗ
558 681 683 720 γένοιτ’
706 676 749 710 ἂν
770 677 1019 723 ἄναπλήρωσις.
1061 683 1211 722 Equidem
1230 692 1303 714 vero
1324 682 1399 713 nihil
1420 681 1510 714 video
1530 682 1591 712 nisi
1610 682 1703 712 haec:
1728 682 1782 712 illo
1802 683 1871 714 loco

153 730 336 760 sententiam
361 729 494 761 breviter
521 738 558 759 ac
586 739 695 769 parum
721 729 854 761 dilucide
876 739 946 760 esse
973 730 1202 769 adumbratam,
1233 729 1290 759 hoc
1315 730 1438 759 uberius
1465 732 1495 759 et
1526 729 1719 768 explanatius
1751 730 1871 769 exposi-

151 780 224 808 tam.
271 776 478 814 Quamobrem
505 777 560 808 illa
587 777 682 808 verba
713 777 784 815 quin
805 778 900 817 prius,
932 777 1009 809 haec
1030 777 1184 817 posterius
1206 776 1322 816 scripta
1342 776 1411 815 sint,
1432 775 1505 807 mihi
1524 785 1585 807 non
1606 776 1726 807 videtur
1747 775 1871 807 dubium

152 833 231 854 esse.

296 887 375 917 Tum
389 896 468 925 quae
482 887 612 926 legimus
633 897 685 927 pg.
710 889 869 919 1153³20:
891 881 1061 927 ἐμποδίζει
1082 882 1118 915 δὲ
1141 880 1216 915 οὔτε
1232 883 1393 926 φρονήσει
1409 880 1488 914 οὔθ’
1510 879 1577 920 ἕξει
1598 879 1748 925 ούδεμιᾳ·
1769 879 1789 925 ἡ
1810 879 1870 923 ἀφ’

152 933 296 979 ἑκάστης
317 934 435 979 ἡδονή,
456 934 531 969 ἄλλ’
554 935 590 968 αἱ
611 934 804 982 α’λλότριαι,
837 936 908 970 ἐπεὶ
928 936 963 970 αἱ
985 935 1051 969 άπὸ
1074 938 1132 969 τοῦ
1154 936 1305 980 θεωρεῖν
1324 939 1382 968 καὶ
1398 935 1597 979 μανθάνειν
1617 937 1753 969 αᾶλλον
1772 937 1871 979 ποιή-

152 999 249 1022 σουσι
269 989 421 1035 θεωρεῖν
440 992 497 1023 καὶ
514 991 734 1033 μανθάνειν·
765 1007 825 1028 non
847 997 972 1028 dubium
1000 1005 1070 1026 esse
1099 996 1257 1026 Fritzsche
1278 995 1433 1026 contendit
1459 995 1530 1033 quin
1558 995 1751 1027 translata
1771 996 1831 1026 sint
1852 1006 1871 1026 a

151 1050 217 1081 Nic.
239 1050 278 1089 X,
303 1050 323 1081 5
343 1060 396 1089 pg.
422 1051 548 1081 1175111
572 1060 638 1089 sqq.
679 1045 728 1079 ἔτι
749 1046 784 1079 δὲ
803 1047 943 1089 μᾶλλον
963 1047 1061 1079 τοῦτο
1091 1052 1149 1090 (sc.
1171 1051 1362 1090 voluptatum
1384 1051 1504 1090 species
1526 1059 1596 1081 esse
1620 1051 1698 1081 inter
1719 1060 1752 1080 se
1773 1050 1870 1082 diver-

153 1106 216 1143 sas)
238 1097 282 1132 ἂν
303 1103 423 1142 φανείη
446 1098 483 1132 ἐκ
503 1101 564 1132 τοῦ
580 1101 640 1138 τὰς
656 1098 715 1142 ἀφ’
738 1100 865 1145 ἑτέρων
885 1099 1010 1144 ἡδονὰς
1031 1099 1214 1143 ἐμποδίους
1234 1101 1307 1136 ταῖς
1327 1098 1510 1144 ἐνεργείαις
1530 1097 1617 1132 εἶναι
1636 1101 1706 1132 κτλ.
1740 1123 1779 1127 -
1799 1106 1871 1136 item

151 1159 246 1189 verba
276 1168 324 1198 ep.
359 1160 397 1189 14
432 1169 483 1198 pg.
518 1160 619 1190 1153b
640 1161 655 1190 1
689 1170 754 1199 sqq,
797 1153 848 1188 ὅτι
875 1158 933 1187 καὶ
953 1153 973 1198 ἡ
995 1156 1082 1197 λύπη
1103 1156 1227 1194 κακόν,
1250 1153 1482 1197 ὁμολογεῖται,
1502 1156 1559 1186 καὶ
1580 1155 1724 1195 φευκτόν
1755 1174 1803 1178 —
1823 1157 1871 1199 τῷ

153 1206 188 1239 δὲ
210 1209 346 1253 φευκτῴ
366 1209 405 1240 τὸ
426 1206 579 1241 ἐναντίον
600 1206 620 1252 ᾗ
642 1211 787 1251 φευκτόν
808 1221 842 1242 τε
867 1211 925 1242 καὶ
949 1210 1073 1248 κακόν,
1105 1206 1247 1251 άγαθόν
1262 1219 1270 1228 ·
1311 1206 1443 1251 α’νάγκη
1470 1206 1531 1241 οὖν
1550 1209 1612 1252 τὴν
1635 1206 1762 1252 ἡδονὴν
1781 1206 1871 1252 02³7oe-

151 1261 223 1294 ¹967
243 1274 273 1294 ‘lb
294 1260 400 1295 εἶναι·
432 1269 612 1308 —petita
633 1278 672 1299 ex
691 1269 741 1300 lib.
764 1269 807 1309 X,
829 1278 854 1299 e.
876 1271 895 1301 2
916 1278 968 1308 pg.
992 1269 1138 1299 1172b18
1160 1278 1225 1307 sqq.
1247 1261 1309 1305 οὐχ
1330 1260 1430 1306 ἦττον
1445 1262 1474 1295 δ’
1495 1261 1582 1308 ᾤετο
1634 1268 1792 1306 (Eudoxus
1833 1269 1870 1300 cf.

151 1330 177 1352 c.
193 1323 212 1354 2
227 1322 280 1361 in.)
302 1314 390 1351 εἶναι
411 1318 563 1363 φανερὸν
585 1325 639 1363 (sc,
660 1320 720 1363 τὴν
733 1316 860 1362 ἡδονὴν
873 1316 1033 1361 τάγαθὸν
1047 1316 1150 1361 εἶναι)
1172 1316 1209 1351 ἐκ
1230 1319 1289 1351 τοῦ
1310 1315 1475 1350 ἐναντίου·
1496 1318 1558 1360 τὴν
1577 1318 1645 1362 γὰρ
1667 1318 1774 1361 λύπην
1786 1318 1870 1351 καθ’

151 1372 234 1404 αυτὸ
254 1373 335 1405 πᾶσι
357 1374 502 1414 φευκτὸν
522 1371 621 1414 εῖναι,
643 1372 772 1416 ὁμοίως
794 1373 834 1416 δὴ
855 1371 1052 1406 τούναντίον
1073 1371 1209 1418 αἱρετόν
1228 1374 1299 1406 κτλ.
1329 1378 1416 1415 Quae
1437 1378 1481 1408 ita
1501 1386 1535 1407 se
1555 1377 1669 1408 habere
1684 1378 1870 1416 argumentis

151 1423 197 1454 vir
219 1423 331 1454 doetus
352 1434 413 1455 non
433 1425 586 1464 probavit,
607 1434 664 1456 nec
685 1425 785 1464 potuit
806 1425 945 1464 probare.

294 1479 365 1509 Jam
384 1488 457 1509 vero
478 1480 664 1510 accedamus
685 1480 726 1510 ad
747 1489 816 1510 eum
836 1481 951 1519 locum,
983 1489 1073 1518 quem
1093 1479 1287 1519 potissimum
1307 1480 1489 1511 translatum
1510 1488 1580 1509 esse
1611 1480 1650 1510 ab
1675 1479 1812 1511 Eudemo
1833 1489 1871 1511 ex

151 1524 381 1564 Nicomacheis,
414 1526 486 1563 quin
507 1525 717 1556 demonstrare
738 1529 834 1556 totam
860 1526 899 1556 de
925 1527 1083 1565 voluptate
1105 1526 1353 1565 disputationem,
1376 1536 1466 1564 quam
1489 1527 1521 1556 in
1541 1527 1617 1557 libro
1640 1527 1769 1565 septimo
1789 1527 1871 1557 inve-

150 1571 266 1610 nimus,
299 1572 338 1603 ab
365 1571 503 1604 Eudemo
531 1582 592 1604 non
622 1572 661 1603 ab
692 1572 857 1603 Aristotele
879 1574 1085 1613 conscriptam
1113 1581 1183 1603 esse
1211 1573 1399 1604 Fritzschius
1433 1574 1491 1604 sibi
1516 1573 1681 1613 persuasit.
1722 1573 1869 1612 Legimus

150 1626 231 1656 enim
251 1626 309 1656 VH
329 1635 355 1657 e.
379 1627 417 1657 14
436 1636 488 1665 pg.
513 1628 641 1658 11531‘5
666 1637 731 1666 sqq,
774 1621 820 1660 ὥς
840 1624 908 1667 γὰρ
930 1625 1145 1659 Σπεύσιππος
1166 1622 1273 1663 ἔλυεν,
1307 1621 1349 1656 ού
1380 1624 1558 1666 συμβαίνει
1579 1621 1599 1667 ἢ
1620 1623 1729 1662 λύσις,
1762 1619 1871 1667 ὥςπερ

148 1676 187 1708 τὸ
204 1676 326 1719 μεῖζον
345 1676 395 1722 τῷ
415 1674 570 1709 ἐλάττονι
590 1679 648 1709 καὶ
668 1677 717 1722 τῷ
739 1677 804 1722 ἴσῳ
826 1675 996 1710 ἐναντίον·
1018 1675 1059 1710 οὔ
1088 1678 1157 1722 γὰρ
1189 1675 1233 1709 ἂν
1264 1681 1348 1720 φαίη
1381 1675 1463 1723 ὅπερ
1494 1678 1602 1710 κακόν
1632 1688 1663 1709 τι
1694 1675 1781 1709 εἶναι
1811 1678 1872 1720 τὴν

149 1728 278 1774 ἡδονήν
303 1737 333 1774 (i.
349 1745 375 1768 e.
397 1737 592 1777 Speusippus
613 1738 698 1768 illam
719 1737 840 1768 Eudoxi
862 1738 1044 1769 sententiam
1064 1738 1255 1777 voluptatem
1282 1737 1393 1770 bonum
1419 1747 1490 1769 esse
1512 1747 1529 1769 e
1550 1737 1702 1769 contrario
1723 1737 1869 1777 intellegi,

150 1783 294 1821 quoniam
314 1782 452 1813 dolorem
472 1784 586 1814 malum
607 1793 678 1814 esse
699 1784 777 1816 inter
798 1793 903 1814 omnes
925 1788 1087 1824 constaret,
1109 1794 1169 1815 non
1189 1785 1342 1824 refutavit,
1363 1795 1431 1816 cum
1452 1785 1545 1825 dixit,
1578 1788 1611 1815 ut
1630 1785 1730 1815 maius
1751 1788 1870 1816 contra-

149 1829 226 1861 rium
254 1833 338 1861 esset
362 1830 471 1862 minori
497 1835 528 1862 et
554 1831 696 1871 aequali,
727 1831 771 1862 ita
792 1831 975 1862 contrariam
1001 1840 1072 1862 esse
1096 1832 1286 1872 voluptatem
1307 1835 1338 1863 et
1358 1832 1386 1863 ei
1407 1832 1489 1871 quod
1509 1831 1643 1863 medium
1664 1832 1779 1871 esset2)
1791 1854 1799 1871 ,
1831 1831 1870 1870 X,

149 1894 175 1916 c.
190 1887 210 1916 2
225 1894 277 1924 pg.
290 1885 512 1916 1173·5—13:
538 1879 606 1914 Οὔκ
626 1880 715 1914 ἔοικε
736 1880 772 1913 δὲ
795 1878 970 1927 οὐδὲ-περὶ
990 1883 1050 1915 τοῦ
1071 1880 1224 1915 ἐναντίου
1243 1883 1359 1920 καλῶς
1386 1881 1568 1926 λέγεσθαι·
1602 1879 1643 1915 ού
1663 1882 1732 1927 γάρ
1754 1892 1871 1923 φασιν,

149 1933 182 1967 εἰ
199 1932 220 1978 ἡ
241 1935 328 1978 λύπη
348 1936 457 1968 κακόν
477 1933 558 1977 ἐστι,
579 1936 641 1980 τὴν
661 1933 788 1980 ἡδονὴν
810 1933 952 1979 α’γαθὸν
972 1934 1075 1969 εἶναι·
1105 1934 1318 1970 ἀντικεῖσθαι
1337 1938 1406 1982 γὰρ
1427 1938 1535 1970 κακὸν
1554 1939 1663 1982 κακῷ,
1683 1939 1741 1969 καὶ
1761 1935 1869 1980 ἄμφω

146 1990 196 2034 τῷ
222 1989 423 2035 μηδετέρῳ,
449 1991 607 2033 λέγοντες
631 1992 737 2024 ταῦτα
758 1989 799 2024 ού
819 1992 949 2032 κακῶς,
987 1989 1029 2024 οὗ
1055 1994 1128 2035 μὴν
1155 1990 1213 2025 ἐπί
1237 2004 1278 2036 γε
1305 1993 1374 2025 τῶν
1395 1990 1587 2037 εἰρημένων
1617 1990 1865 2036 ἀληθεύοντες·

149 2041 286 2087 άμφοῖν
302 2045 371 2088 μὲν
390 2045 459 2090 γὰρ
475 2043 586 2079 ὄντων
605 2046 733 2087 κακῶν,
753 2048 811 2078 καὶ
833 2047 961 2088 φευκτὰ
981 2045 1049 2079 ἔδει
1063 2045 1171 2090 ἄμφω
1187 2044 1292 2080 εἶναι·
1314 2047 1384 2080 τῶν
1392 2046 1594 2092 μηδετέρων
1616 2047 1652 2080 δὲ
1670 2046 1871 2092 μηδέτερον,

294 2169 312 2199 ¹)
331 2169 373 2193 Sic
389 2170 495 2201 legimus
511 2177 567 2194 cum
584 2170 719 2201 Spengelio
737 2170 918 2202 (Abhandlung
933 2179 975 2202 pg.
993 2173 1039 2194 5³1
1057 2172 1140 2201 Anm.)
1158 2172 1250 2196 collato
1266 2173 1383 2196 Platonis
1398 2172 1504 2197 Philebo
1521 2158 1564 2204 pgss
1581 2173 1621 2197 35.
1637 2173 1681 2196 472
1695 2191 1700 2196 .

293 2215 313 2247 ²)
332 2217 370 2240 Of.
389 2217 454 2241 Gelli
470 2220 547 2241 noctt.
565 2217 616 2241 Att.
633 2217 677 2247 lx,
695 2219 725 2241 5:
751 2218 905 2249 Speusippus
921 2221 1042 2250 vetusque
1063 2220 1143 2243 omnis
1162 2219 1299 2245 Academia
1317 2219 1471 2251 voluptatem
1492 2222 1518 2245 et
1536 2220 1646 2245 dolorem
1663 2219 1712 2244 duo
1731 2218 1798 2244 mala
1815 2226 1870 2244 esse

151 2255 235 2279 dicunt
251 2256 368 2286 opposita
384 2257 449 2280 inter
465 2264 526 2286 sese,
543 2257 637 2281 bonum
653 2259 737 2281 tanen
753 2265 813 2288 esse,
831 2258 898 2289 quod
914 2259 1042 2289 utriusque
1059 2259 1165 2283 medium
1181 2259 1252 2283 soret.
