2047 2513
930 65 1107 96 -15-

161 153 208 194 14,
230 153 330 186 1154·
358 153 400 185 15
417 161 467 192 sq.
483 152 522 185 cf.
542 163 570 185 e.
588 153 612 185 6
630 160 697 192 sqq.
718 169 757 175 --
776 150 819 183 ad
838 162 869 194 p.
891 150 992 183 115312
1022 151 1058 183 17
1080 160 1127 193 sq.
1147 151 1186 183 cf.
1207 151 1231 191 1,
1247 151 1277 191 9,
1302 151 1403 182 1099·
1425 151 1462 182 31
1482 159 1549 193 sqq.
1584 150 1646 189 Qui
1665 150 1725 182 loci
1745 150 1877 193 probant

160 200 213 234 lib.
234 201 301 241 vn,
321 210 348 234 e.
371 196 444 232 12-
452 200 488 232 15
507 200 547 232 ab
574 199 684 231 eodem
705 199 855 242 scriptore
879 207 951 230 esse
970 199 1116 241 profecta,
1137 209 1158 232 a
1177 208 1237 240 qno
1260 198 1398 230 eiusdem
1411 198 1481 230 libri
1500 208 1527 230 c.
1550 198 1756 238 1—11,haec
1776 202 1881 230 autem

161 248 360 280 Aristotelem
381 248 543 290 scripsisse
564 256 659 289 supra
678 257 730 289 pg
750 246 772 277 5
792 255 837 287 sq
859 246 958 288 posui.

302 295 421 335 Pariter
440 298 543 326 autem
567 294 727 337 probabile
746 293 821 325 mihi
846 293 967 326 videtur
989 304 1051 326 non
1074 295 1249 326 absolutam
1276 303 1347 325 esse
1372 297 1426 325 aut
1449 294 1632 336 perpolitam
1652 303 1673 324 a
1692 292 1878 335 philosopho

161 342 458 373 commentationem.
488 342 577 372 testis
603 344 652 372 est
675 350 784 372 manca
807 340 863 371 illa
887 350 987 372 rerum
1018 340 1190 383 dispositio,
1211 341 1302 372 testis
1322 341 1424 372 brevis
1445 342 1500 373 illa
1519 341 1767 372 adversariorum
1787 349 1878 379 argu-

159 391 328 420 mentorum
348 388 546 428 enumeratio,
568 397 660 429 quam
680 396 706 417 c.
729 388 766 418 12
787 396 838 441 pg.
864 387 961 418 1152b
987 390 1022 420 12
1044 397 1110 430 sqq.
1131 388 1272 427 legimus,
1290 388 1381 418 testis
1395 397 1508 427 magna
1521 388 1576 418 illa
1588 387 1750 419 verborum
1770 387 1878 418 obscu-

159 436 236 467 ritas
257 439 289 467 et
313 435 542 475 inconcinnitas,
570 444 662 477 quam
693 434 885 476 saepissime,
916 435 1079 477 praecipue
1099 435 1132 466 in
1158 435 1260 477 capite
1287 435 1324 466 13
1344 434 1540 474 offendimus3
1561 434 1648 465 cuius
1671 433 1712 465 de
1732 433 1818 468 initio
1839 433 1879 464 Μ.

160 483 350 514 Vermehren
370 482 428 513 hoc
448 482 595 513 iudicium
614 482 685 513 tulit
705 481 952 522 (Aristotelisehe
972 482 1196 513 Schriftstellen
1215 483 1238 521 Ι,
1260 494 1290 524 p.
1312 483 1350 513 79
1374 483 1447 523 sq.):
1490 481 1617 521 „Gleich
1638 481 1695 512 der
1715 483 1798 512 erste
1818 481 1879 511 Ab·

160 533 228 561 satz
251 530 316 571 (pg.
339 529 439 560 1152¹²
467 524 649 560 25—1153·
679 529 708 567 7)
729 537 814 558 muss
845 528 877 559 in
902 528 1119 568 Verlegenheit
1140 532 1263 568 setzen‚
1293 529 1364 560 weil
1392 529 1443 559 die
1473 528 1659 568 eigentliche
1685 527 1879 568 Hauptfrage

159 576 249 608 darin
268 586 325 608 nur
344 576 497 607 mittelbar
516 575 640 607 beruhrt
664 575 752 614 wini,
779 574 842 606 und
863 584 897 606 es
918 575 1002 607 nicht
1023 575 1119 607 sofort
1144 575 1338 615 einleuchtet,
1363 575 1495 607 welcher
1520 575 1601 607 denn
1625 584 1685 607 von
1706 574 1767 606 den
1787 583 1879 614 ange-

160 632 296 663 zogenen
316 623 461 654 Grunden
481 623 547 653 hier
568 623 653 653 seine
678 622 902 662 Widerlegung
927 623 1029 654 finden
1054 623 1140 655 soll.“
1173 641 1213 645 —
1246 622 1461 663 „Ueberhaupt
1487 622 1642 653 erscheint
1666 622 1718 653 die
1737 621 1880 661 logische

159 671 252 702 Form
272 671 327 702 der
346 679 465 710 ganzen
485 670 581 702 Stelle
601 669 857 709 vernachliissigt.
891 669 988 701 Wenn
1009 681 1034 701 z.
1055 670 1090 702 B.
1112 670 1164 701 die
1185 670 1293 702 zweite
1307 669 1517 711 Einwendung
1538 670 1593 701 mit
1614 669 1685 701 dem
1705 669 1799 701 Satze
1814 669 1876 699 ein·

159 726 285 765 geleitet
304 725 394 756 wird:
425 720 473 753 ἔτι
499 719 569 752 ἐπεὶ
592 720 652 752 τοῦ
671 717 815 762 ἀγαθοῦ
836 721 874 753 τὸ
895 721 962 762 μὲν
983 718 1148 765 ἐνέργεια,
1168 721 1206 753 τὸ
1233 717 1267 753 δ’
1288 719 1354 759 ἕξις
1376 720 1447 752 κτλ.
1479 735 1530 766 pg,
1555 725 1653 756 1152¹>
1683 725 1722 755 33
1743 734 1821 766 sqq.,
1843 734 1878 755 so

158 780 199 811 ist
219 780 292 811 dies
307 780 376 811 eine
396 779 595 818 Umkehrung
615 778 671 809 des
692 778 999 819 Beweisverfahrens‚
1031 779 1133 810 indem
1159 779 1227 809 hier
1250 779 1372 818 gezeigt
1392 779 1479 818 wird,
1501 779 1576 809 dass
1597 779 1648 810 ein
1677 775 1764 806 κατὰ
1790 784 1878 816 συμ-

157 830 306 873 βεβηκὸς
340 829 526 863 σπουδαῖον
573 833 713 872 zuglcich
737 834 787 864 ein
816 830 904 861 κατὰ
924 830 1140 873 συμβεβηκὸς
1164 826 1227 873 ἡδύ
1241 834 1295 873 sei,
1310 833 1458 865 wahrend
1471 844 1542 865 man
1557 833 1619 866 den
1631 834 1753 865 Beweis
1767 842 1878 864 erwar-

157 892 229 928 t'ete,
250 889 325 920 dass
346 889 396 919 ein
417 883 478 927 ἡδύ
499 888 639 927 zugleich
660 888 709 918 ein
730 881 871 925 α’γαθόν
899 889 971 919 sei.“
1013 889 1058 919 Of.
1080 898 1147 930 sqq.
1194 888 1293 927 Adde,
1319 888 1401 929 quod
1421 889 1441 919 l.
1462 889 1501 919 29
1522 899 1629 930 parum
1650 889 1755 929 liquet,
1777 893 1877 919 utrum

160 936 197 971 αῖ
227 939 358 980 φαῦλαι
388 937 551 971 δοκοῦσαι
582 934 669 970 εἶναι
700 942 838 974 dieantur
868 936 904 970 αἱ
931 939 1075 981 κινήσεις
1098 939 1156 970 καὶ
1173 936 1209 970 αἱ
1230 941 1375 980 γενέσεις
1405 952 1445 973 an
1476 936 1512 970 αἱ
1533 936 1671 981 ἥδοναί,·
1691 942 1774 984 quod
1794 943 1815 973 l.
1837 943 1876 972 31

158 991 293 1038 αἱρεταί
309 998 390 1028 idem
418 997 500 1039 quod
521 990 644 1030 ἅπλῶς
655 991 795 1037 αἶρεταί,
807 998 889 1039 quod
899 997 941 1028 ad
952 999 1046 1028 verba
1057 991 1093 1025 ai
1108 990 1213 1026 d’ofid’
1225 990 1349 1036 ἡδοναί
1366 998 1570 1039 supplendum
1590 986 1670 1034 εἶδί,
1691 1008 1877 1039 quamquam

158 1052 322 1092 opponitur
348 1046 545 1089 φαίνεσθαι.
566 1052 698 1083 Dubium
710 1052 821 1083 deinde
833 1057 880 1083 est
889 1062 940 1092 pg.
956 1052 1033 1093 1152
1042 1054 1056 1072 b
1065 1052 1105 1082 34
1114 1052 1143 1091 4,
1158 1061 1237 1090 quae
1249 1053 1309 1083 sint
1322 1046 1358 1078 ai
1371 1047 1580 1079 καθιστᾶσα(
1595 1046 1643 1084 εἰς
1659 1049 1720 1091 τὴν
1731 1049 1876 1090 φυσικὴν

158 1100 238 1142 ἕξιν,
267 1100 393 1145 ἡδοναί
409 1106 551 1146 (Brandis
573 1116 603 1146 p.
625 1107 715 1146 1509)
737 1117 777 1138 an
797 1100 974 1146 ἐνέργειαι,
995 1106 1078 1145 quod
1091 1106 1274 1138 vocabulum
1287 1107 1353 1138 Zell
1368 1111 1528 1138 comment.
1543 1110 1626 1138 reete
1640 1107 1714 1138 mihi
1729 1108 1875 1148 supplere

157 1161 333 1200 videtur31.
354 1162 394 1192 35
414 1161 454 1192 ad
474 1161 568 1192 verba
598 1155 666 1188 ἔστι
697 1156 727 1188 δ’
758 1154 779 1200 ἢ
810 1154 964 1201 ἐνέργεια
995 1161 1170 1200 supplenda
1190 1154 1210 1200 ἦ
1235 1157 1432 1189 καθιστᾶσα
1462 1155 1510 1194 εἰς
1538 1158 1599 1201 τὴν
1625 1158 1768 1200 φυσικὴν
1793 1156 1880 1198 ἔζης

157 1215 339 1247 vocabulum
366 1219 468 1247 autem
489 1208 674 1244 ὑπολοίπου
707 1215 780 1254 quid
806 1215 865 1246 sibi
884 1216 960 1247 velit
984 1215 1163 1255 intellegere
1185 1225 1307 1256 semper
1326 1216 1539 1247 difficillimum
1558 1216 1659 1247 visum
1684 1219 1734 1247 est
1755 1216 1807 1256 (cf.
1829 1225 1877 1255 ea,

158 1272 238 1302 quae
259 1267 511 1294 commentatores
533 1263 574 1295 ad
600 1263 680 1294 hunc
704 1263 806 1294 locum
830 1263 1011 1303 attulerunt3
1042 1263 1082 1294 Μ.
1110 1263 1297 1295 Vermehren
1322 1264 1354 1295 ll.
1381 1273 1432 1304 pg.
1460 1264 1519 1303 81).
1564 1263 1650 1295 Idem
1677 1263 1876 1295 iudicandum

158 1321 207 1349 est
227 1318 266 1348 de
286 1318 387 1349 verbis
409 1327 487 1357 quae
508 1328 538 1358 p.
561 1318 662 1349 1153·
693 1319 728 1348 16
748 1318 893 1357 legimus:
918 1312 1013 1346 δοκεῖ
1031 1313 1067 1346 δὲ
1088 1317 1217 1356 γένεσίς
1245 1324 1346 1346 τισιν
1367 1320 1424 1358 (sic
1444 1319 1525 1349 enim
1539 1328 1608 1349 cum
1629 1319 1799 1351 Rassovio:
1821 1320 1874 1350 ob-

159 1376 283 1405 servatt.
304 1372 397 1405 critic.
419 1373 450 1405 in
470 1373 674 1414 Aristotelem,
695 1373 775 1404 Berl.
798 1373 874 1405 1858
900 1383 952 1413 pg.
979 1373 1018 1405 28
1044 1373 1238 1405 scribendum
1263 1383 1334 1405 esse
1360 1374 1448 1415 puto)
1480 1366 1589 1409 εἶναι,
1624 1365 1645 1401 ὅ
1652 1380 1687 1401 τι
1723 1373 1878 1414 κυρίως

158 1421 311 1466 ἀγαθόν,
323 1438 401 1467 quae
416 1438 475 1467 quo
491 1430 662 1469 pertineant
675 1439 736 1460 non
749 1429 852 1467 liquet.
878 1428 968 1459 Adde
982 1429 1188 1460 anacoluthon
1205 1429 1283 1460 illud
1297 1439 1322 1460 c.
1339 1430 1377 1460 15
1390 1430 1429 1460 1ιι.
1444 1439 1495 1469 pg.
1512 1429 1590 1459 1154
1599 1430 1661 1461 ⁸22
1673 1438 1749 1468 sqq„
1759 1430 1878 1460 numeri

158 1484 321 1523 enallagen
340 1483 360 1516 l.
382 1484 420 1516 27
452 1477 651 1524 (ἔκκρούει);
672 1484 744 1523 quin
763 1484 857 1515 totius
877 1483 987 1523 capitis
1010 1484 1048 1514 15
1068 1487 1173 1524 partes
1195 1484 1272 1515 inter
1293 1493 1326 1514 se
1341 1494 1401 1515 non
1415 1487 1488 1524 apte
1499 1483 1665 1514 cohaerere
1679 1488 1763 1514 recte
1776 1485 1878 1515 Anton

158 1539 191 1573 ll,
213 1548 264 1579 pg.
287 1539 322 1570 11
345 1531 443 1570 docet.
474 1539 606 1570 Molesta
630 1538 742 1570 deinde
773 1542 843 1570 sunt
868 1541 1003 1570 extrema
1029 1540 1290 1570 commentationis
1316 1540 1409 1570 verba
1433 1549 1485 1579 pg.
1508 1540 1608 1570 1154b
1637 1540 1770 1570 32—34:
1801 1538 1877 1579 περὶ

154 1590 223 1631 μὲν
240 1586 300 1621 οὖν
321 1587 517 1634 ἐγκρατείας
536 1592 594 1622 καὶ
608 1586 781 1633 α’κρασίας
793 1591 940 1633 καὶπερὶ
957 1587 1081 1632 ἡδονῆς
1099 1591 1157 1621 καὶ
1177 1590 1283 1632 λύπης
1293 1589 1435 1634 εἴρηται,
1449 1598 1613 1636 postquam
1627 1594 1687 1625 iam
1703 1605 1729 1624 c.
1747 1596 1781 1625 ll
1799 1598 1874 1625 extr.

157 1658 209 1688 pg.
233 1649 332 1680 1152·
360 1649 400 1680 34
419 1649 496 1680 haee
520 1649 665 1689 legimus:
687 1647 722 1677 τί
734 1645 801 1687 μὲν
822 1640 883 1676 οὖν
903 1641 1082 1688 ἐγκράτεια
1094 1646 1152 1676 καὶ
1166 1648 1200 1676 τί
1216 1641 1633 1689 ἄκρασία-εἴρηται.-
1653 1649 1673 1679 l.
1694 1649 1734 1679 34
1753 1644 1876 1677 λοιπὸν

158 1697 194 1732 δὲ
214 1701 273 1732 καὶ
292 1701 368 1744 περὶ
398 1700 513 1741 φιλίας
542 1698 700 1745 ἐροῦμεν,
730 1695 800 1736 cuin
820 1704 1008 1745 insequentis
1029 1704 1141 1744 capitis
1162 1704 1247 1735 initio
1269 1704 1348 1736 haec
1369 1704 1571 1736 inveniamus:
1600 1699 1689 1742 μετὰ
1711 1697 1747 1731 δὲ
1769 1700 1875 1732 ταῦτα

156 1755 232 1798 περὶ
252 1754 367 1794 φιλίας
387 1753 489 1786 εἴποιτ’
511 1752 555 1787 ἂν
576 1754 739 1787 διελθεῖν.
761 1771 809 1777 --
823 1759 1020 1797 Quantopere
1034 1768 1259 1797 nonnumquam
1274 1760 1470 1791 conturbatus
1486 1761 1526 1790 sit
1540 1760 1615 1790 ordo
1629 1768 1739 1798 rerum,
1768 1761 1870 1791 Anton

158 1804 204 1847 (ll.
224 1815 276 1848 pg.
299 1805 330 1848 7)
352 1805 499 1846 declarat,
520 1815 589 1838 cum
610 1805 649 1837 de
669 1804 931 1846 pg.1153-haec
951 1804 1081 1845 profert:
1119 1807 1170 1846 „In
1191 1806 1402 1837 examinandis
1424 1806 1555 1845 singulis
1576 1807 1736 1836 sententiis
1757 1807 1873 1837 Aristo—

157 1854 236 1884 teles
261 1855 306 1885 ita
331 1855 534 1894 progreditur,
565 1858 599 1886 ut
628 1855 746 1886 initium
772 1853 876 1894 capiat
899 1863 919 1884 a
938 1853 1029 1884 tertia
1053 1863 1122 1885 cum
1143 1863 1242 1896 eaque
1263 1854 1428 1894 coniungat
1448 1855 1578 1895 primam
1598 1854 1715 1896 primae
1736 1863 1875 1901 causam

157 1903 222 1930 tum
242 1900 284 1930 ad
304 1900 471 1931 secundam
491 1904 629 1931 transeat
649 1901 835 1941 adiiciatque
862 1903 1001 1940 quartam
1029 1901 1147 1940 primae
1174 1910 1310 1939 causam,
1332 1902 1464 1942 denique
1484 1903 1515 1932 in
1535 1903 1634 1940 prima
1654 1903 1803 1940 persistat
1824 1912 1874 1932 ex-

158 1946 343 1988 plorandaf‘

294 1995 364 2026 Sed
385 1995 462 2026 haee
484 1995 607 2033 quidem
627 1996 791 2034 hactenus3
812 1994 1009 2034 perspicuum
1030 1995 1110 2026 enim
1124 1999 1198 2037 puto
1223 2005 1294 2026 esse
1315 1995 1349 2026 id
1370 1994 1452 2034 quod
1473 1994 1683 2026 demonstrare
1704 1994 1796 2035 volui,
1817 2005 1874 2027 nec

157 2042 341 2082 perpolitam
362 2049 432 2072 esse
452 2041 492 2072 ab
512 2042 678 2072 Aristotele
699 2042 984 2072 commentationem
998 2050 1054 2071 nec
1069 2042 1251 2080 absolutam,
1273 2042 1329 2072 sed
1344 2051 1422 2080 eum,
1437 2051 1505 2072 cum
1519 2042 1655 2072 amicitia
1675 2043 1696 2074 1.
1716 2043 1876 2073 VIII—IX

157 2093 299 2129 tractata,
320 2093 354 2121 ut
374 2098 451 2129 opus
479 2089 647 2129 perficeret,
679 2089 722 2121 ad
745 2088 966 2121 beatitudinem
996 2088 1221 2128 explanandam
1249 2088 1484 2129 aggrederetur,
1509 2088 1559 2119 cui
1579 2089 1724 2131 voluptas
1745 2090 1875 2121 maxime

158 2137 319 2167 coniuncta
339 2140 561 2175 esset‚·novam
583 2137 821 2178 disputationem
843 2136 1035 2168 conscribere
1057 2146 1148 2176 quain
1163 2137 1362 2175 interruptam
1377 2137 1538 2168 absolvere
1559 2135 1715 2168 maluisse.
1752 2137 1874 2168 Nullum
