2047 2513
906 63 1105 92 ..11-

150 152 173 198 ἢ
194 152 336 197 ὁμοίως·
357 154 417 186 νῦν
437 152 473 185 δὲ
495 155 674 194 φαίνονται
693 151 754 194 τὴν
770 151 838 194 μὲν
858 151 1039 193 φεύγοντες
1059 148 1107 188 ὥς
1126 150 1250 189 κακὸν,
1277 149 1339 191 τὴν
1359 147 1390 180 δ’
1413 146 1615 192 αἱρούμενοι
1635 144 1683 185 ὥς
1703 144 1863 189 ἀγαθόν·

152 206 242 243 οὕτω
264 207 305 251 δὴ
325 209 384 241 καὶ
403 205 593 240 ἀντίκειται.
627 211 780 251 „Quorum
801 211 827 242 si
847 211 1034 250 comparatio
1055 209 1233 248 instituitur,
1255 226 1293 230 —
1313 211 1346 238 ut
1367 206 1526 238 Fritzsche
1546 216 1598 249 pg.
1631 207 1704 245 188,
1725 206 1804 237 5-6
1825 225 1864 230 —

151 261 276 301 planum
302 263 333 291 et
356 263 495 299 apertum
516 262 572 297 est,
608 258 789 298 praesertim
809 267 900 296 quum
920 258 972 289 illo
992 259 1061 289 loeo
1082 256 1250 296 Speusippi
1269 264 1379 286 nomen
1398 255 1574 293 reticeatur,
1608 253 1667 284 hoc
1688 254 1756 284 loco
1777 263 1858 285 com-

149 310 345 345 memoretur,
377 315 446 336 eam
469 306 679 344 quaestionem
704 314 783 343 quae
810 304 869 335 hoc
893 308 996 335 nostro
1020 304 1098 334 libro
1121 304 1199 342 (VII)
1221 303 1260 333 de
1281 303 1440 341 voluptate
1468 302 1645 341 explicetur,
1665 310 1727 332 non
1747 302 1863 333 Aristo-

149 354 219 385 telis
240 362 320 392 esse,
342 351 398 383 sed
419 352 561 392 discipuli
582 352 648 382 eius
676 350 833 382 Eudemi.“
871 350 1019 390 Opinatur
1039 351 1131 390 igitur
1150 350 1197 381 vir
1218 349 1414 380 doctissimus
1434 349 1515 387 inde,
1541 348 1624 386 quod
1643 348 1674 379 in
1695 348 1773 379 libro
1792 359 1863 389 sep-

149 400 222 431 timo
244 400 411 430 sententiae
425 399 603 438 propositae
624 398 757 428 auctoris
777 407 886 428 nomen
900 398 1068 436 adiiciatur,
1083 405 1233 436 apparere
1255 397 1293 427 ab
1315 396 1452 427 Eudemo
1473 404 1542 426 eum
1563 405 1634 426 esse
1655 395 1861 435 profectum&

149 447 197 478 An
218 446 289 485 qnia
309 445 386 477 Eud.
408 447 460 485 111,
481 447 510 484 2,
533 445 607 475 1231
620 444 679 474 ·17
701 443 859 474 Philoxeni
879 453 986 474 nomen
1006 444 1191 483 invenimus,
1223 443 1305 481 quod
1330 441 1536 473 Nicomachea
1559 451 1615 472 suo
1641 442 1709 472 loco
1729 452 1790 473 non
1811 452 1862 474 ex—

150 493 279 524 hibent?
307 511 344 515 —
368 494 408 523 At
436 493 487 523 lib.
509 492 540 522 X
564 501 590 523 c.
616 493 635 523 2
655 491 695 522 in.
715 490 836 521 Eudoxi
856 500 965 522 nomen
985 494 1033 525 est
1054 491 1328 529 commemoratum,
1349 490 1369 521 l.
1391 489 1448 520 VII
1468 498 1494 520 c.
1517 489 1556 519 14
1575 489 1615 520 in.
1629 498 1690 519 non
1703 489 1863 522 invenitur.

291 547 448 578 Postremo
469 555 507 576 ea
528 555 606 584 quae
627 546 698 584 VII,
720 555 745 576 c.
770 545 806 574 14
826 555 876 584 pg.
902 546 1048 577 1153b25
1069 554 1134 583 sqq.
1154 545 1298 583 legimus:
1327 541 1385 571 καὶ
1405 539 1443 571 τὸ
1465 538 1600 571 διώκειν
1620 535 1786 572 &anana
1805 543 1864 572 καὶ

151 596 261 642 θηρία
280 599 338 629 καὶ
358 594 566 641 ἀνθρώπους
586 596 646 638 τὴν
666 593 792 638 ἡδονὴν
812 591 953 638 σημεῖόν
977 607 1007 627 τι
1031 595 1091 627 τοῦ
1119 591 1207 626 εἶναί
1230 606 1302 631 πως
1329 595 1365 626 τὸ
1387 592 1527 638 ἄριστον
1546 590 1667 635 atinias
1700 598 1743 629 ad
1763 607 1863 630 exem-

151 656 235 696 plum
255 666 373 695 corum,
406 664 484 694 quae
504 655 524 686 l.
546 655 590 694 X,
622 666 648 686 e.
669 656 702 694 2,
733 655 882 685 1172b35
903 664 967 693 sqq.
994 654 1130 684 exhibet:
1166 647 1200 681 οἳ
1228 646 1258 681 δ’
1281 646 1490 691 ἐνιστάμενοι
1511 645 1558 684 ὥς
1578 645 1641 680 οὐκ
1661 645 1804 690 ἀγαθὸν
1824 646 1866 682 οὗ

150 706 247 738 πάντ’
268 705 412 747 ἐφίεται,
440 705 489 746 μὴ
512 702 620 737 οὐθὲν
639 705 807 746 λὲγωσιν·
835 703 862 737 ο“
883 706 950 748 γὰρ
971 705 1052 736 πᾶσι
1073 703 1184 743 δοκεῖ,
1206 704 1305 736 τοῦτο
1328 700 1418 735 εἶναί
1440 713 1570 745 φαμεν·
1609 717 1679 738 esse
1705 717 1864 748 expressa,

151 766 211 787 non
231 757 412 795 coniectura,
434 755 490 786 sed
511 755 606 785 oculis
628 764 664 785 ac
684 756 823 786 manibus
843 756 941 786 teneri
961 755 1119 786 Fritzsche
1139 755 1295 785 contendit
1316 756 1379 793 (pg.
1403 755 1469 793 190,
1490 755 1551 793 27),
1573 754 1629 784 sed
1648 763 1687 784 ne
1707 755 1864 785 minimum

153 803 275 841 quidem
303 803 451 843 probavit.
497 803 575 833 Nam
604 802 686 840 quod
711 803 785 833 dicit
811 803 978 834 sententiae
1008 803 1029 834 l.
1056 802 1113 832 VII
1137 802 1168 833 ll.
1195 801 1346 840 quomodo
1373 801 1556 832 cohaereant
1587 810 1626 831 ex
1657 801 1677 831 l.
1706 801 1737 831 X
1764 802 1796 833 ll.
1822 802 1864 833 in-

152 850 270 890 tellegi,
300 860 361 881 non
381 850 537 880 confirmat
562 849 595 879 id
621 850 703 888 quod
727 851 867 889 prolegg.
888 860 939 889 pg.
961 850 1061 880 XLIV
1083 849 1241 889 professus
1264 852 1342 879 erat:
1377 848 1434 878 hos
1454 849 1540 879 locos
1561 849 1593 879 in
1613 857 1717 879 eorum
1738 858 1863 880 numero

152 905 232 935 esse,
254 898 306 937 qui
326 896 395 927 libri
416 897 539 935 septimi
560 900 715 927 auctorem
736 896 882 927 docerent
903 897 1142 936 disputationem
1161 896 1231 926 libri
1251 896 1282 926 X
1302 895 1438 927 voluisse
1459 896 1662 935 interpretari.

293 944 392 981 Atque
412 943 491 973 haec
512 943 635 980 quidem
655 943 694 973 de
716 944 760 973 eis
778 944 865 982 locis,
887 944 993 981 quibus
1012 952 1083 973 eum
1097 944 1148 981 qui
1161 943 1212 973 lib.
1228 943 1294 981 VII,
1308 952 1334 973 c.
1351 943 1468 974 12-15
1489 943 1647 981 scripserit
1666 942 1736 973 libri
1753 943 1864 973 decimi

154 989 392 1029 disputationem
413 989 605 1028 interpretari
625 989 765 1020 Fritsche
787 990 941 1030 opinatur3
962 989 1122 1020 videamus
1135 999 1225 1027 nunc,
1240 989 1313 1027 quid
1334 989 1532 1019 iudicandum
1552 989 1592 1019 sit
1614 989 1654 1019 de
1675 990 1731 1028 eis,
1753 989 1863 1028 quibus

152 1037 326 1067 Aristotelis
352 1036 391 1067 de
417 1037 575 1076 voluptate
602 1036 770 1067 doctrinam
795 1037 976 1068 conformari
1000 1045 1038 1066 ac
1059 1037 1169 1075 corrigi
1198 1036 1280 1067 dicit.
1321 1036 1415 1066 Notat
1435 1039 1537 1066 autem
1560 1036 1612 1066 ille
1633 1037 1800 1075 praecipue
1821 1045 1860 1066 ea

153 1092 231 1121 quae
251 1083 381 1122 legimus
403 1093 428 1114 c.
453 1084 489 1113 13
510 1093 560 1122 pg.
583 1083 684 1113 11532
706 1084 830 1115 12—15.
852 1094 877 1114 c.
902 1085 941 1114 14
959 1093 1010 1123 pg.
1034 1084 1135 1114 1153b
1157 1084 1173 1113 7
1196 1092 1261 1121 sqq.
1287 1083 1326 1113 25
1348 1092 1412 1121 sqq.
1455 1084 1499 1113 Ac
1525 1083 1622 1122 primo
1651 1082 1775 1121 quidem
1794 1083 1864 1113 loco

153 1137 235 1176 quod
254 1138 398 1177 voluptas
419 1137 537 1168 dicatur
557 1130 710 1176 ἐνέργεια
736 1131 996 1175 ἀνεμπόδιστος,
1037 1130 1068 1160 in
1102 1130 1221 1160 decimo
1249 1133 1351 1160 autem
1377 1130 1454 1160 libro
1480 1139 1541 1160 non
1567 1133 1651 1160 extet
1686 1133 1750 1160 tam
1777 1133 1862 1160 certa

153 1192 319 1231 voluptatis
341 1191 485 1229 definitio,
506 1201 574 1222 cum
595 1185 688 1219 εἶναι
709 1185 745 1219 ἐν
762 1188 801 1230 τῇ
815 1186 968 1231 ἐνεργείᾳ
984 1202 1035 1231 pg.
1061 1193 1159 1223 1175*
1180 1194 1205 1229 1,
1224 1186 1369 1219 ἔπεσθαι
1389 1187 1429 1229 τῇ
1450 1185 1559 1231 ἔνεργ.
1584 1192 1685 1222 1175·
1707 1192 1735 1222 5.
1757 1192 1856 1222 1176*

153 1246 201 1277 26.
242 1241 391 1273 τελειοῦν
411 1242 471 1283 τὴν
491 1239 600 1285 ἐνέργ.
621 1256 673 1285 pg.
695 1246 845 1277 1174b23
855 1247 894 1277 al.
916 1246 970 1276 illa
991 1246 1110 1277 dicatur
1132 1246 1217 1285 (add.
1239 1256 1291 1285 pg.
1314 1246 1414 1276 117512
1436 1247 1456 1276 2
1477 1239 1514 1272 αἶ
1535 1238 1593 1282 αἶψ’
1614 1239 1741 1285 ἑτέρων
1753 1239 1866 1284 (ἔνερ-

153 1295 271 1337 γειῶν)
293 1292 423 1338 ἡδοναί,
453 1309 504 1338 pg.
533 1300 610 1330 1175
639 1302 652 1320 b
668 1301 704 1331 21
728 1309 772 1338 sq.
804 1294 841 1327 αἳ
866 1294 919 1328 ἐπὶ
944 1296 984 1338 τῇ
1004 1293 1113 1340 ἕνεργ.
1138 1296 1344 1338 γινόμεναι),
1375 1310 1427 1340 pg,
1457 1301 1556 1330 1175b
1590 1301 1629 1330 33
1657 1309 1723 1338 sqq.
1751 1300 1867 1332 diserte

155 1355 194 1386 ab
206 1355 326 1385 actione
338 1354 555 1394 distinguatur-3
575 1355 657 1393 quod
670 1355 851 1387 vocabulum
865 1347 1109 1393 ἅνεμπόὸισϊος
1129 1355 1212 1386 nullo
1226 1355 1287 1385 alio
1302 1355 1576 1386 Nicomacheorum
1595 1355 1663 1384 loco
1683 1355 1866 1394 reperiatur3

155 1409 237 1448 quod
257 1409 344 1439 Rhet.
365 1410 388 1447 I,
411 1411 444 1440 ll
468 1409 507 1439 in.
529 1410 671 1449 voluptas
693 1411 736 1440 ita
766 1410 937 1449 definiatur,
966 1414 999 1440 ut
1020 1410 1139 1440 dicatur
1160 1411 1225 1450 (pg.
1254 1411 1354 1440 136912
1378 1410 1416 1440 33
1444 1410 1523 1448 sqq.)
1550 1401 1638 1436 εἶναι
1658 1405 1721 1447 τὴν
1741 1402 1868 1448 ἡδονὴν

153 1462 312 1502 κίνησίν
342 1469 416 1490 τινα
446 1459 502 1502 τῆς
538 1460 648 1502 ψυχῆς
677 1461 735 1492 καὶ
763 1460 966 1492 κατάστασιν
995 1456 1136 1504 ἀθρόαν
1165 1462 1223 1491 καὶ
1254 1458 1465 1502 αἰσθητὴν
1496 1458 1543 1496 εἰς
1563 1460 1623 1502 τὴν
1647 1457 1867 1503 ὑπάρχουσαν

155 1514 266 1554 φύσιν,
285 1518 377 1548 valde
391 1518 548 1557 probabile
562 1518 659 1548 videri
673 1519 719 1549 vir
732 1519 927 1549 doctissimus
942 1519 1105 1558 contendit,
1120 1528 1189 1550 eum
1204 1520 1255 1557 qui
1269 1520 1346 1550 haec
1362 1519 1520 1558 scripserit
1539 1528 1592 1558 pg.
1612 1519 1687 1549 1153
1697 1524 1711 1537 ³
1734 1519 1866 1550 12—15:

155 1566 208 1599 διὸ
227 1569 286 1599 καὶ
306 1564 347 1599 οὗ
366 1567 481 1603 καλῶς
502 1566 569 1609 ἔχει
590 1568 626 1599 τὸ
649 1566 822 1611 αἰσθητὴν
841 1572 975 1610 γένεσιν
995 1569 1110 1609 φοίναι
1123 1566 1211 1601 εἶναι
1225 1570 1285 1611 τὴν
1300 1567 1438 1611 ἡδονὴν,
1459 1566 1549 1600 α’λλά
1566 1569 1706 1610 μᾶλλον
1726 1568 1866 1600 λεκτέον

157 1620 330 1667 ἐνέργειαν
350 1622 408 1665 τῆς
427 1623 514 1654 κατὰ
535 1623 636 1663 φύσιν
656 1621 770 1664 ἕξεως,
792 1620 866 1655 α’ντῑ
887 1622 924 1656 δὲ
944 1623 1004 1656 τοῦ
1031 1621 1203 1667 αἰσθητὴν
1223 1620 1482 1666 ἀνεμπόδιστον·
1502 1630 1573 1659 ante
1594 1628 1699 1659 oculos
1719 1627 1867 1659 habuisse

155 1673 210 1703 illa
230 1682 308 1711 quae
329 1673 470 1711 leguntur
491 1674 557 1705 Nie.
578 1674 618 1713 X,
639 1684 665 1705 c.
685 1675 706 1704 4
727 1675 772 1714 (et
790 1675 922 1705 fortasse
943 1675 1035 1705 etiam
1055 1675 1144 1705 Rhet.
1164 1676 1187 1714 Ι,
1215 1677 1272 1713 11.)
1295 1685 1423 1714 cumque
1439 1684 1517 1713 quae
1531 1675 1615 1705 fluxa
1630 1678 1736 1705 essent
1755 1676 1820 1706 Nic.
1836 1675 1867 1705 X

154 1720 332 1751 certioribus
353 1720 453 1751 verbis
475 1720 631 1751 studuisse
646 1721 814 1761 exprimere
829 1721 998 1761 (Fritzsche
1019 1721 1096 1753 Eud.
1112 1731 1164 1761 pg.
1179 1722 1237 1752 185
1255 1724 1312 1761 sq.)
1333 1740 1372 1744 —
1392 1723 1478 1753 Itane
1499 1722 1594 1752 vero?
1616 1721 1725 1752 Nonne
1746 1725 1868 1752 constat

155 1767 273 1798 decimo
294 1768 370 1798 libro
397 1767 545 1798 uberrime
573 1778 609 1798 ac
637 1768 872 1808 diligentissime
900 1769 1095 1800 Aristotelem
1121 1770 1321 1809 exposuisse,
1364 1779 1454 1808 quam
1479 1770 1628 1800 rationem
1654 1769 1733 1799 inter
1760 1769 1867 1809 volup—

154 1816 250 1844 tatem
276 1817 307 1844 et
334 1814 484 1844 actionem
509 1814 698 1845 intercedere
723 1815 832 1855 vellet,
864 1819 895 1845 et
926 1816 1093 1846 luculenter
1127 1817 1355 1847 demonstrasse
1390 1817 1497 1856 gigni
1530 1817 1720 1855 voluptatem
1744 1817 1865 1847 actione

155 1863 236 1891 etea
256 1860 380 1899 quidem
395 1861 557 1901 perfecta?
573 1879 611 1884 —
628 1862 695 1893 Non
706 1862 799 1902 igitur
819 1862 1009 1903 correxisset,
1031 1862 1089 1893 sed
1109 1864 1294 1903 corrupisset
1308 1867 1339 1894 et
1359 1864 1556 1894 obscurasset
1576 1862 1732 1893 Eudemus
1753 1867 1868 1893 rectam

155 1907 240 1938 illam
260 1907 434 1939 Aristotelis
455 1909 633 1948 doctrinam,
656 1910 682 1940 si
711 1910 928 1949 supposuisset
948 1910 1077 1941 eandem
1098 1920 1169 1941 esse
1183 1915 1342 1949 utramque
1356 1911 1518 1942 notionem.
1553 1911 1617 1941 Nec
1638 1911 1769 1950 septimo
1790 1910 1868 1942 libro

156 1954 267 1985 desunt
286 1955 356 1994 loci,
378 1956 487 1993 quibus
509 1956 594 1986 illam
615 1956 654 1986 de
675 1957 843 1996 voluptatis
864 1957 981 1996 origine
1002 1960 1184 1989 sententiam
1205 1958 1407 1997 significatam
1420 1958 1609 1989 inveniamus
1633 1957 1686 1997 (cf.
1707 1966 1733 1988 c.
1757 1958 1795 1988 13
1815 1967 1868 1997 pg.

156 2008 255 2040 1153*
266 2010 303 2040 21
326 2018 371 2047 sq.
397 2004 433 2037 αἳ
454 2003 521 2039 α’πὸ
542 2007 604 2039 τοῦ
620 2006 773 2052 θεωρεῖν
791 2008 850 2039 καὶ
866 2006 1064 2049 μανθάνειν
1083 2005 1209 2051 ἡδοναί
1224 2013 1292 2044 coll.
1314 2013 1353 2053 X,
1374 2014 1402 2053 5,
1425 2013 1574 2052 1175122).
1615 2012 1661 2043 Eo
1683 2014 1787 2042 autem
1800 2011 1868 2043 loco

156 2056 195 2087 de
216 2066 276 2095 quo
296 2058 426 2096 agimus,
447 2066 508 2087 non
527 2058 677 2089 habemus
697 2059 867 2098 voluptatis
888 2058 1094 2089 definitionem
1125 2063 1311 2098 accuratam,
1338 2060 1394 2090 sed
1420 2060 1595 2090 incohatam
1619 2059 1867 2098 descriptionem,

157 2113 249 2146 quam
268 2103 471 2144 philosophus
492 2113 548 2144 pro
569 2114 616 2145 ea,
638 2115 730 2163 quam
749 2105 838 2137 Plato
859 2108 890 2136 et
910 2105 1085 2137 Academici
1111 2110 1345 2146 proposuerant,
1372 2106 1414 2138 ad
1434 2110 1555 2147 tempus
1579 2105 1737 2138 substituit
1758 2109 1868 2145 postea

298 2169 317 2200 ¹)
338 2169 375 2193 Cf.
393 2168 504 2201 Spengel
521 2169 546 2193 11.
564 2178 588 2200 p.
605 2170 662 2193 530.
